<?xml version="1.0" encoding="UTF-8"?>
<!DOCTYPE html PUBLIC "-//W3C//DTD XHTML 1.0 Transitional//EN"
    "http://www.w3.org/TR/xhtml1/DTD/xhtml1-transitional.dtd">
<html xmlns="http://www.w3.org/1999/xhtml" xml:lang="en" lang="en">
 <head>
  <title>
</title>
<meta http-equiv="Content-Type" content="text/html;charset=utf-8" />
  <meta name='ocr-system' content='tesseract 3.04.00' />
  <meta name='ocr-capabilities' content='ocr_page ocr_carea ocr_par ocr_line ocrx_word'/>
</head>
<body>
  <div class='ocr_page' id='page_1' title='image "./fontesrerumaust10unkngoog_0111.png"; bbox 0 0 3242 5350; ppageno 0'>
   <div class='ocr_carea' id='block_1_1' title="bbox 278 432 457 507">
    <p class='ocr_par' dir='ltr' id='par_1_1' title="bbox 278 432 457 507">
     <span class='ocr_line' id='line_1_1' title="bbox 278 432 457 507; baseline 0.006 -1"><span class='ocrx_word' id='word_1_1' title='bbox 278 432 457 507; x_wconf 76' lang='lat'>34·</span> 
     </span>
    </p>
   </div>
   <div class='ocr_carea' id='block_1_2' title="bbox 204 613 1464 1577">
    <p class='ocr_par' dir='ltr' id='par_1_2' title="bbox 204 613 1464 1577">
     <span class='ocr_line' id='line_1_2' title="bbox 278 613 1459 700; baseline 0.002 -21"><span class='ocrx_word' id='word_1_2' title='bbox 278 632 432 679; x_wconf 85' lang='lat' dir='ltr'>versorum</span> <span class='ocrx_word' id='word_1_3' title='bbox 449 613 579 687; x_wconf 78' lang='lat' dir='ltr'><strong>noticia,</strong></span> <span class='ocrx_word' id='word_1_4' title='bbox 604 613 642 677; x_wconf 89' lang='lat' dir='ltr'>ad</span> <span class='ocrx_word' id='word_1_5' title='bbox 664 634 738 700; x_wconf 89' lang='lat' dir='ltr'>quos</span> <span class='ocrx_word' id='word_1_6' title='bbox 757 636 886 700; x_wconf 80' lang='lat' dir='ltr'>presens</span> <span class='ocrx_word' id='word_1_7' title='bbox 899 616 1041 699; x_wconf 89' lang='lat' dir='ltr'>scripturn</span> <span class='ocrx_word' id='word_1_8' title='bbox 1057 617 1240 699; x_wconf 74' lang='lat' dir='ltr'>pervenerit,</span> <span class='ocrx_word' id='word_1_9' title='bbox 1257 617 1459 690; x_wconf 84' lang='lat' dir='ltr'>declarantes,</span> 
     </span>
     <span class='ocr_line' id='line_1_3' title="bbox 277 722 1460 813; baseline 0.006 -28"><span class='ocrx_word' id='word_1_10' title='bbox 277 722 356 808; x_wconf 89' lang='lat' dir='ltr'>quod</span> <span class='ocrx_word' id='word_1_11' title='bbox 372 723 551 789; x_wconf 79' lang='lat' dir='ltr'>Hodmuraoa</span> <span class='ocrx_word' id='word_1_12' title='bbox 560 729 592 788; x_wconf 83' lang='lat' dir='ltr'>et</span> <span class='ocrx_word' id='word_1_13' title='bbox 602 725 724 812; x_wconf 78' lang='lat' dir='ltr'>choto</span> <span class='ocrx_word' id='word_1_14' title='bbox 732 725 795 811; x_wconf 75' lang='lat' dir='ltr'>filii</span> <span class='ocrx_word' id='word_1_15' title='bbox 806 727 960 813; x_wconf 79' lang='lat' dir='ltr'>quondum</span> <span class='ocrx_word' id='word_1_16' title='bbox 972 726 1145 812; x_wconf 82' lang='lat' dir='ltr'>Rupotonis</span> <span class='ocrx_word' id='word_1_17' title='bbox 1156 727 1197 791; x_wconf 81' lang='lat' dir='ltr'>dc</span> <span class='ocrx_word' id='word_1_18' title='bbox 1211 725 1460 794; x_wconf 74' lang='lat' dir='ltr'>Volkcltcndcrcls</span> 
     </span>
     <span class='ocr_line' id='line_1_4' title="bbox 277 832 1459 926; baseline 0.008 -29"><span class='ocrx_word' id='word_1_19' title='bbox 277 833 457 897; x_wconf 80' lang='lat' dir='ltr'><strong><em>balnearem</em></strong></span> <span class='ocrx_word' id='word_1_20' title='bbox 468 832 601 920; x_wconf 80' lang='lat' dir='ltr'>Stupum</span> <span class='ocrx_word' id='word_1_21' title='bbox 616 834 811 921; x_wconf 72' lang='lat' dir='ltr'>Nmonlcrpe</span> <span class='ocrx_word' id='word_1_22' title='bbox 825 835 929 906; x_wconf 83' lang='lat' dir='ltr'>citam,</span> <span class='ocrx_word' id='word_1_23' title='bbox 945 835 1062 900; x_wconf 81' lang='lat' dir='ltr'>dictum</span> <span class='ocrx_word' id='word_1_24' title='bbox 1077 835 1459 926; x_wconf 68' lang='lat' dir='ltr'>sooerpoinppadoonoes</span> 
     </span>
     <span class='ocr_line' id='line_1_5' title="bbox 278 940 1459 1032; baseline 0.003 -28"><span class='ocrx_word' id='word_1_25' title='bbox 278 940 445 1004; x_wconf 82' lang='lat' dir='ltr'><strong>honorabili</strong></span> <span class='ocrx_word' id='word_1_26' title='bbox 461 941 524 1005; x_wconf 81' lang='lat' dir='ltr'>viro</span> <span class='ocrx_word' id='word_1_27' title='bbox 540 943 663 1007; x_wconf 79' lang='lat' dir='ltr'>Pedoni</span> <span class='ocrx_word' id='word_1_28' title='bbox 674 944 837 1031; x_wconf 82' lang='lat' dir='ltr'>preposito</span> <span class='ocrx_word' id='word_1_29' title='bbox 855 944 1103 1032; x_wconf 73' lang='lat' dir='ltr'>Nercnburpcnai</span> <span class='ocrx_word' id='word_1_30' title='bbox 1122 955 1150 1008; x_wconf 88' lang='lat' dir='ltr'>et</span> <span class='ocrx_word' id='word_1_31' title='bbox 1168 948 1326 1010; x_wconf 79' lang='lat' dir='ltr'>conventui</span> <span class='ocrx_word' id='word_1_32' title='bbox 1346 944 1459 1009; x_wconf 83' lang='lat' dir='ltr'>ibidem</span> 
     </span>
     <span class='ocr_line' id='line_1_6' title="bbox 204 1049 1463 1133; baseline 0.004 -21"><span class='ocrx_word' id='word_1_33' title='bbox 204 1067 207 1072; x_wconf 85' lang='lat'>·</span> <span class='ocrx_word' id='word_1_34' title='bbox 277 1070 332 1133; x_wconf 89' lang='lat' dir='ltr'>pro</span> <span class='ocrx_word' id='word_1_35' title='bbox 348 1050 472 1132; x_wconf 84' lang='lat' dir='ltr'>triginta</span> <span class='ocrx_word' id='word_1_36' title='bbox 488 1049 602 1113; x_wconf 84' lang='lat' dir='ltr'>duabus</span> <span class='ocrx_word' id='word_1_37' title='bbox 618 1050 701 1114; x_wconf 85' lang='lat' dir='ltr'>libris</span> <span class='ocrx_word' id='word_1_38' title='bbox 718 1052 907 1116; x_wconf 87' lang='lat' dir='ltr'>denariorum</span> <span class='ocrx_word' id='word_1_39' title='bbox 919 1053 1114 1117; x_wconf 88' lang='lat' dir='ltr'>Wiennensis</span> <span class='ocrx_word' id='word_1_40' title='bbox 1131 1060 1249 1117; x_wconf 90' lang='lat' dir='ltr'>monete</span> <span class='ocrx_word' id='word_1_41' title='bbox 1262 1054 1463 1117; x_wconf 86' lang='lat' dir='ltr'>vendiderunt</span> 
     </span>
     <span class='ocr_line' id='line_1_7' title="bbox 278 1159 1463 1251; baseline 0.009 -29"><span class='ocrx_word' id='word_1_42' title='bbox 278 1166 424 1242; x_wconf 89' lang='lat' dir='ltr'>perpetuo</span> <span class='ocrx_word' id='word_1_43' title='bbox 437 1159 657 1244; x_wconf 80' lang='lat' dir='ltr'>possidendam,</span> <span class='ocrx_word' id='word_1_44' title='bbox 669 1162 893 1228; x_wconf 80' lang='lat' dir='ltr'>renunciantes</span> <span class='ocrx_word' id='word_1_45' title='bbox 904 1163 989 1228; x_wconf 82' lang='lat' dir='ltr'>omni</span> <span class='ocrx_word' id='word_1_46' title='bbox 998 1164 1100 1228; x_wconf 79' lang='lat' dir='ltr'>nostri</span> <span class='ocrx_word' id='word_1_47' title='bbox 1113 1164 1270 1251; x_wconf 73' lang='lat' dir='ltr'>questioni</span> <span class='ocrx_word' id='word_1_48' title='bbox 1284 1163 1463 1233; x_wconf 70' lang='lat' dir='ltr'>eleccioni.</span> 
     </span>
     <span class='ocr_line' id='line_1_8' title="bbox 278 1267 1464 1353; baseline 0.003 -22"><span class='ocrx_word' id='word_1_49' title='bbox 278 1267 410 1352; x_wconf 88' lang='lat' dir='ltr'>quesibi</span> <span class='ocrx_word' id='word_1_50' title='bbox 432 1274 604 1353; x_wconf 89' lang='lat' dir='ltr'>competunt</span> <span class='ocrx_word' id='word_1_51' title='bbox 627 1270 657 1332; x_wconf 90' lang='lat' dir='ltr'>in</span> <span class='ocrx_word' id='word_1_52' title='bbox 681 1270 795 1335; x_wconf 87' lang='lat' dir='ltr'>eadem.</span> <span class='ocrx_word' id='word_1_53' title='bbox 819 1271 852 1335; x_wconf 90' lang='lat' dir='ltr'>ln</span> <span class='ocrx_word' id='word_1_54' title='bbox 872 1274 955 1336; x_wconf 91' lang='lat' dir='ltr'>cuius</span> <span class='ocrx_word' id='word_1_55' title='bbox 978 1273 1023 1335; x_wconf 86' lang='lat' dir='ltr'>rei</span> <span class='ocrx_word' id='word_1_56' title='bbox 1045 1273 1246 1337; x_wconf 89' lang='lat' dir='ltr'>testimonium</span> <span class='ocrx_word' id='word_1_57' title='bbox 1267 1272 1322 1336; x_wconf 86' lang='lat' dir='ltr'>has</span> <span class='ocrx_word' id='word_1_58' title='bbox 1344 1271 1464 1336; x_wconf 86' lang='lat' dir='ltr'>litteras</span> 
     </span>
     <span class='ocr_line' id='line_1_9' title="bbox 279 1376 1462 1466; baseline 0.006 -27"><span class='ocrx_word' id='word_1_59' title='bbox 279 1376 371 1441; x_wconf 80' lang='lat' dir='ltr'>scribi</span> <span class='ocrx_word' id='word_1_60' title='bbox 390 1383 419 1441; x_wconf 90' lang='lat' dir='ltr'>et</span> <span class='ocrx_word' id='word_1_61' title='bbox 435 1377 528 1462; x_wconf 86' lang='lat' dir='ltr'>sigilli</span> <span class='ocrx_word' id='word_1_62' title='bbox 545 1380 639 1442; x_wconf 88' lang='lat' dir='ltr'>nostri</span> <span class='ocrx_word' id='word_1_63' title='bbox 654 1381 813 1444; x_wconf 84' lang='lat' dir='ltr'>munimine</span> <span class='ocrx_word' id='word_1_64' title='bbox 834 1381 959 1445; x_wconf 76' lang='lat' dir='ltr'>fecimus</span> <span class='ocrx_word' id='word_1_65' title='bbox 976 1382 1127 1455; x_wconf 88' lang='lat' dir='ltr'>roborari,</span> <span class='ocrx_word' id='word_1_66' title='bbox 1149 1382 1295 1455; x_wconf 86' lang='lat' dir='ltr'>testibus,</span> <span class='ocrx_word' id='word_1_67' title='bbox 1319 1383 1369 1466; x_wconf 93' lang='lat' dir='ltr'>qui</span> <span class='ocrx_word' id='word_1_68' title='bbox 1386 1402 1462 1466; x_wconf 91' lang='lat' dir='ltr'>pre·</span> 
     </span>
     <span class='ocr_line' id='line_1_10' title="bbox 279 1486 1463 1577; baseline 0.004 -27"><span class='ocrx_word' id='word_1_69' title='bbox 279 1492 381 1550; x_wconf 87' lang='lat' dir='ltr'>sentes</span> <span class='ocrx_word' id='word_1_70' title='bbox 398 1486 531 1564; x_wconf 81' lang='lat' dir='ltr'>adurant,</span> <span class='ocrx_word' id='word_1_71' title='bbox 547 1489 702 1559; x_wconf 83' lang='lat' dir='ltr'>annotatis,</span> <span class='ocrx_word' id='word_1_72' title='bbox 720 1494 750 1553; x_wconf 87' lang='lat' dir='ltr'>et</span> <span class='ocrx_word' id='word_1_73' title='bbox 765 1491 808 1553; x_wconf 91' lang='lat' dir='ltr'>hii</span> <span class='ocrx_word' id='word_1_74' title='bbox 823 1495 893 1555; x_wconf 88' lang='lat' dir='ltr'>sunt</span> <span class='ocrx_word' id='word_1_75' title='bbox 909 1488 1096 1577; x_wconf 78' lang='lat' dir='ltr'>(disselben,</span> <span class='ocrx_word' id='word_1_76' title='bbox 1119 1492 1177 1555; x_wconf 83' lang='lat' dir='ltr'>wie</span> <span class='ocrx_word' id='word_1_77' title='bbox 1192 1490 1244 1555; x_wconf 87' lang='lat' dir='ltr'>bei</span> <span class='ocrx_word' id='word_1_78' title='bbox 1263 1492 1318 1555; x_wconf 88' lang='lat' dir='ltr'>der</span> <span class='ocrx_word' id='word_1_79' title='bbox 1333 1492 1463 1555; x_wconf 81' lang='lat' dir='ltr'>rocher-</span> 
     </span>
    </p>
   </div>
   <div class='ocr_carea' id='block_1_3' title="bbox 279 1595 1465 1773">
    <p class='ocr_par' dir='ltr' id='par_1_3' title="bbox 279 1595 1465 1773">
     <span class='ocr_line' id='line_1_11' title="bbox 279 1595 1465 1683; baseline 0.003 -24"><span class='ocrx_word' id='word_1_80' title='bbox 279 1595 439 1679; x_wconf 84' lang='lat' dir='ltr'>geheuden</span> <span class='ocrx_word' id='word_1_81' title='bbox 461 1595 633 1683; x_wconf 84' lang='lat' dir='ltr'>Urlrunde).</span> <span class='ocrx_word' id='word_1_82' title='bbox 657 1597 765 1662; x_wconf 86' lang='lat' dir='ltr'>Datum</span> <span class='ocrx_word' id='word_1_83' title='bbox 793 1600 921 1665; x_wconf 79' lang='lat' dir='ltr'>Woenne</span> <span class='ocrx_word' id='word_1_84' title='bbox 946 1603 1029 1665; x_wconf 76' lang='lat' dir='ltr'>Anno</span> <span class='ocrx_word' id='word_1_85' title='bbox 1056 1600 1172 1664; x_wconf 87' lang='lat' dir='ltr'>Domini</span> <span class='ocrx_word' id='word_1_86' title='bbox 1193 1599 1465 1665; x_wconf 57' lang='lat' dir='ltr'>oredimus</span> 
     </span>
     <span class='ocr_line' id='line_1_12' title="bbox 280 1704 611 1773; baseline 0 -3"><span class='ocrx_word' id='word_1_87' title='bbox 280 1706 367 1773; x_wconf 79' lang='lat' dir='ltr'>xvir.</span> <span class='ocrx_word' id='word_1_88' title='bbox 384 1704 450 1771; x_wconf 88' lang='lat' dir='ltr'>Kal.</span> <span class='ocrx_word' id='word_1_89' title='bbox 467 1707 611 1772; x_wconf 73' lang='lat' dir='ltr'>ianuarii.</span> 
     </span>
    </p>
   </div>
   <div class='ocr_carea' id='block_1_4' title="bbox 741 1834 1412 1888">
    <p class='ocr_par' dir='ltr' id='par_1_4' title="bbox 741 1834 1412 1888">
     <span class='ocr_line' id='line_1_13' title="bbox 741 1834 1412 1888; baseline 0.001 -15"><span class='ocrx_word' id='word_1_90' title='bbox 741 1836 757 1873; x_wconf 85' lang='lat' dir='ltr'>E</span> <span class='ocrx_word' id='word_1_91' title='bbox 773 1834 903 1875; x_wconf 78' lang='lat' dir='ltr'>Clrnrtnlario</span> <span class='ocrx_word' id='word_1_92' title='bbox 918 1835 1001 1875; x_wconf 72' lang='lat' dir='ltr'>trebiri</span> <span class='ocrx_word' id='word_1_93' title='bbox 1015 1836 1170 1876; x_wconf 71' lang='lat' dir='ltr'>elaustro-eoa.</span> <span class='ocrx_word' id='word_1_94' title='bbox 1185 1837 1220 1876; x_wconf 87' lang='lat' dir='ltr'>ttr.</span> <span class='ocrx_word' id='word_1_95' title='bbox 1230 1835 1251 1881; x_wconf 75' lang='lat' dir='ltr'>l.</span> <span class='ocrx_word' id='word_1_96' title='bbox 1264 1836 1301 1875; x_wconf 83' lang='lat' dir='ltr'>tol.</span> <span class='ocrx_word' id='word_1_97' title='bbox 1312 1837 1347 1881; x_wconf 70' lang='grc'>26,</span> <span class='ocrx_word' id='word_1_98' title='bbox 1361 1835 1412 1888; x_wconf 69' lang='lat'>§.2</span> 
     </span>
    </p>
   </div>
   <div class='ocr_carea' id='block_1_5' title="bbox 832 1988 912 2058">
    <p class='ocr_par' dir='ltr' id='par_1_5' title="bbox 832 1988 912 2058">
     <span class='ocr_line' id='line_1_14' title="bbox 832 1988 912 2058; baseline 0 0"><span class='ocrx_word' id='word_1_99' title='bbox 832 1988 912 2058; x_wconf 77' lang='lat' dir='ltr'>xm.</span> 
     </span>
    </p>
   </div>
   <div class='ocr_carea' id='block_1_6' title="bbox 285 2142 1470 2311">
    <p class='ocr_par' dir='ltr' id='par_1_6' title="bbox 285 2142 1470 2311">
     <span class='ocr_line' id='line_1_15' title="bbox 285 2142 1470 2216; baseline -0.001 -17"><span class='ocrx_word' id='word_1_100' title='bbox 285 2144 348 2200; x_wconf 85' lang='lat' dir='ltr'>Otto</span> <span class='ocrx_word' id='word_1_101' title='bbox 370 2143 431 2200; x_wconf 78' lang='lat' dir='ltr'>aod</span> <span class='ocrx_word' id='word_1_102' title='bbox 442 2143 554 2207; x_wconf 79' lang='lat' dir='ltr'>licimo,</span> <span class='ocrx_word' id='word_1_103' title='bbox 573 2143 702 2208; x_wconf 60' lang='lat' dir='ltr'>Bruttia,</span> <span class='ocrx_word' id='word_1_104' title='bbox 717 2145 804 2201; x_wconf 80' lang='lat' dir='ltr'>Otto&#39;s</span> <span class='ocrx_word' id='word_1_105' title='bbox 825 2163 879 2200; x_wconf 82' lang='lat' dir='ltr'>von</span> <span class='ocrx_word' id='word_1_106' title='bbox 892 2142 1025 2216; x_wconf 74' lang='lat' dir='ltr'>Neudury</span> <span class='ocrx_word' id='word_1_107' title='bbox 1043 2146 1151 2208; x_wconf 72' lang='lat' dir='ltr'>Scitne,</span> <span class='ocrx_word' id='word_1_108' title='bbox 1164 2143 1330 2214; x_wconf 73' lang='lat' dir='ltr'>beatutipen,</span> <span class='ocrx_word' id='word_1_109' title='bbox 1349 2144 1415 2198; x_wconf 72' lang='lat' dir='ltr'>dccc</span> <span class='ocrx_word' id='word_1_110' title='bbox 1426 2143 1470 2198; x_wconf 82' lang='lat' dir='ltr'>cic</span> 
     </span>
     <span class='ocr_line' id='line_1_16' title="bbox 426 2235 1321 2311; baseline 0.001 -22"><span class='ocrx_word' id='word_1_111' title='bbox 426 2236 489 2290; x_wconf 78' lang='lat' dir='ltr'>eine</span> <span class='ocrx_word' id='word_1_112' title='bbox 507 2236 598 2290; x_wconf 81' lang='lat' dir='ltr'>Wiccc</span> <span class='ocrx_word' id='word_1_113' title='bbox 610 2254 647 2290; x_wconf 72' lang='lat' dir='ltr'>aas</span> <span class='ocrx_word' id='word_1_114' title='bbox 659 2235 852 2311; x_wconf 69' lang='lat' dir='ltr'>Rictaendors</span> <span class='ocrx_word' id='word_1_115' title='bbox 865 2256 923 2292; x_wconf 82' lang='lat' dir='ltr'>nur</span> <span class='ocrx_word' id='word_1_116' title='bbox 934 2236 978 2291; x_wconf 78' lang='lat' dir='ltr'>nlo</span> <span class='ocrx_word' id='word_1_117' title='bbox 996 2238 1180 2309; x_wconf 67' lang='lat' dir='ltr'>heilpedinoc</span> <span class='ocrx_word' id='word_1_118' title='bbox 1192 2238 1321 2293; x_wconf 67' lang='lat' dir='ltr'>dccilzcn„</span> 
     </span>
    </p>
   </div>
   <div class='ocr_carea' id='block_1_7' title="bbox 689 2346 1061 2402">
    <p class='ocr_par' dir='ltr' id='par_1_7' title="bbox 689 2346 1061 2402">
     <span class='ocr_line' id='line_1_17' title="bbox 689 2346 1061 2402; baseline 0.008 -3"><span class='ocrx_word' id='word_1_119' title='bbox 689 2346 748 2400; x_wconf 69' lang='lat' dir='ltr'>ost.</span> <span class='ocrx_word' id='word_1_120' title='bbox 766 2363 788 2400; x_wconf 86' lang='lat' dir='ltr'>s.</span> <span class='ocrx_word' id='word_1_121' title='bbox 807 2348 825 2400; x_wconf 89' lang='lat' dir='ltr'>l.</span> <span class='ocrx_word' id='word_1_122' title='bbox 845 2347 887 2400; x_wconf 80' lang='lat'>12.</span> <span class='ocrx_word' id='word_1_123' title='bbox 908 2346 961 2401; x_wconf 85' lang='lat' dir='ltr'>Jnli</span> <span class='ocrx_word' id='word_1_124' title='bbox 980 2347 1061 2402; x_wconf 76' lang='lat'><strong>1286.</strong></span> 
     </span>
    </p>
   </div>
   <div class='ocr_carea' id='block_1_8' title="bbox 285 2464 1473 3543">
    <p class='ocr_par' dir='ltr' id='par_1_8' title="bbox 285 2464 1473 3543">
     <span class='ocr_line' id='line_1_18' title="bbox 375 2464 1471 2551; baseline 0 -21"><span class='ocrx_word' id='word_1_125' title='bbox 375 2464 447 2530; x_wconf 83' lang='lat' dir='ltr'>Cum</span> <span class='ocrx_word' id='word_1_126' title='bbox 469 2485 520 2528; x_wconf 85' lang='lat' dir='ltr'>res</span> <span class='ocrx_word' id='word_1_127' title='bbox 543 2470 630 2546; x_wconf 84' lang='lat' dir='ltr'>geste</span> <span class='ocrx_word' id='word_1_128' title='bbox 655 2486 690 2528; x_wconf 87' lang='lat' dir='ltr'>er</span> <span class='ocrx_word' id='word_1_129' title='bbox 706 2465 787 2529; x_wconf 85' lang='lat' dir='ltr'>faciti</span> <span class='ocrx_word' id='word_1_130' title='bbox 812 2487 866 2550; x_wconf 92' lang='lat' dir='ltr'>per</span> <span class='ocrx_word' id='word_1_131' title='bbox 882 2465 1100 2530; x_wconf 74' lang='lat' dir='ltr'>diuturnitatem</span> <span class='ocrx_word' id='word_1_132' title='bbox 1122 2469 1265 2551; x_wconf 85' lang='lat' dir='ltr'>temporis</span> <span class='ocrx_word' id='word_1_133' title='bbox 1289 2488 1305 2530; x_wconf 93' lang='lat' dir='ltr'>a</span> <span class='ocrx_word' id='word_1_134' title='bbox 1327 2469 1471 2530; x_wconf 87' lang='lat' dir='ltr'>memoria</span> 
     </span>
     <span class='ocr_line' id='line_1_19' title="bbox 285 2574 1471 2660; baseline -0.003 -18"><span class='ocrx_word' id='word_1_135' title='bbox 285 2577 435 2642; x_wconf 91' lang='lat' dir='ltr'>homiuum</span> <span class='ocrx_word' id='word_1_136' title='bbox 451 2574 629 2647; x_wconf 89' lang='lat' dir='ltr'>dilabantur,</span> <span class='ocrx_word' id='word_1_137' title='bbox 641 2595 770 2639; x_wconf 87' lang='lat' dir='ltr'>necesse</span> <span class='ocrx_word' id='word_1_138' title='bbox 783 2583 830 2640; x_wconf 91' lang='lat' dir='ltr'>est</span> <span class='ocrx_word' id='word_1_139' title='bbox 846 2597 897 2640; x_wconf 88' lang='lat' dir='ltr'>eas</span> <span class='ocrx_word' id='word_1_140' title='bbox 914 2577 1128 2660; x_wconf 86' lang='lat' dir='ltr'>scripturarum</span> <span class='ocrx_word' id='word_1_141' title='bbox 1140 2578 1310 2640; x_wconf 87' lang='lat' dir='ltr'>testimonio</span> <span class='ocrx_word' id='word_1_142' title='bbox 1327 2578 1471 2640; x_wconf 83' lang='lat' dir='ltr'>memorie</span> 
     </span>
     <span class='ocr_line' id='line_1_20' title="bbox 286 2680 1471 2774; baseline 0.002 -24"><span class='ocrx_word' id='word_1_143' title='bbox 286 2688 435 2751; x_wconf 90' lang='lat' dir='ltr'>hominum</span> <span class='ocrx_word' id='word_1_144' title='bbox 458 2685 675 2750; x_wconf 89' lang='lat' dir='ltr'>commendare.</span> <span class='ocrx_word' id='word_1_145' title='bbox 704 2686 780 2749; x_wconf 90' lang='lat' dir='ltr'>Hinc</span> <span class='ocrx_word' id='word_1_146' title='bbox 804 2694 851 2750; x_wconf 87' lang='lat' dir='ltr'>est</span> <span class='ocrx_word' id='word_1_147' title='bbox 873 2687 952 2774; x_wconf 90' lang='lat' dir='ltr'>quod</span> <span class='ocrx_word' id='word_1_148' title='bbox 974 2709 1030 2752; x_wconf 83' lang='lat' dir='ltr'>noc</span> <span class='ocrx_word' id='word_1_149' title='bbox 1055 2689 1126 2753; x_wconf 80' lang='lat' dir='ltr'>Otto</span> <span class='ocrx_word' id='word_1_150' title='bbox 1150 2695 1181 2753; x_wconf 80' lang='lat' dir='ltr'>et</span> <span class='ocrx_word' id='word_1_151' title='bbox 1200 2680 1316 2753; x_wconf 82' lang='lat' dir='ltr'>Haimo</span> <span class='ocrx_word' id='word_1_152' title='bbox 1336 2689 1471 2770; x_wconf 80' lang='lat' dir='ltr'>fratrea,</span> 
     </span>
     <span class='ocr_line' id='line_1_21' title="bbox 286 2796 1471 2886; baseline -0.003 -22"><span class='ocrx_word' id='word_1_153' title='bbox 286 2799 372 2865; x_wconf 82' lang='lat' dir='ltr'>cioca</span> <span class='ocrx_word' id='word_1_154' title='bbox 389 2798 598 2871; x_wconf 73' lang='lat' dir='ltr'>ilienncnoea,</span> <span class='ocrx_word' id='word_1_155' title='bbox 611 2796 675 2883; x_wconf 73' lang='lat' dir='ltr'>filii</span> <span class='ocrx_word' id='word_1_156' title='bbox 691 2798 814 2863; x_wconf 81' lang='lat' dir='ltr'>Ottonis</span> <span class='ocrx_word' id='word_1_157' title='bbox 828 2797 993 2862; x_wconf 80' lang='lat' dir='ltr'>Haimonis</span> <span class='ocrx_word' id='word_1_158' title='bbox 1008 2798 1164 2886; x_wconf 72' lang='lat' dir='ltr'>quandam</span> <span class='ocrx_word' id='word_1_159' title='bbox 1180 2798 1257 2862; x_wconf 84' lang='lat' dir='ltr'>civis</span> <span class='ocrx_word' id='word_1_160' title='bbox 1272 2797 1471 2868; x_wconf 73' lang='lat' dir='ltr'>viennensis,</span> 
     </span>
     <span class='ocr_line' id='line_1_22' title="bbox 286 2905 1472 2992; baseline -0.003 -20"><span class='ocrx_word' id='word_1_161' title='bbox 286 2910 365 2973; x_wconf 85' lang='lat' dir='ltr'>scire</span> <span class='ocrx_word' id='word_1_162' title='bbox 382 2905 516 2971; x_wconf 82' lang='lat' dir='ltr'>volumus</span> <span class='ocrx_word' id='word_1_163' title='bbox 538 2906 693 2969; x_wconf 79' lang='lat' dir='ltr'>universos</span> <span class='ocrx_word' id='word_1_164' title='bbox 712 2907 902 2991; x_wconf 87' lang='lat' dir='ltr'>presencium</span> <span class='ocrx_word' id='word_1_165' title='bbox 923 2907 1111 2992; x_wconf 83' lang='lat' dir='ltr'>inspectores</span> <span class='ocrx_word' id='word_1_166' title='bbox 1127 2914 1186 2970; x_wconf 89' lang='lat' dir='ltr'>tam</span> <span class='ocrx_word' id='word_1_167' title='bbox 1202 2913 1359 2991; x_wconf 84' lang='lat' dir='ltr'>presentes</span> <span class='ocrx_word' id='word_1_168' title='bbox 1382 2925 1472 2991; x_wconf 88' lang='lat' dir='ltr'>quam</span> 
     </span>
     <span class='ocr_line' id='line_1_23' title="bbox 287 3015 1472 3103; baseline -0.004 -19"><span class='ocrx_word' id='word_1_169' title='bbox 287 3020 419 3090; x_wconf 85' lang='lat' dir='ltr'>futuros,</span> <span class='ocrx_word' id='word_1_170' title='bbox 436 3037 490 3079; x_wconf 88' lang='lat' dir='ltr'>uos</span> <span class='ocrx_word' id='word_1_171' title='bbox 507 3036 699 3100; x_wconf 75' lang='lat' dir='ltr'>comparasse</span> <span class='ocrx_word' id='word_1_172' title='bbox 720 3016 798 3103; x_wconf 93' lang='lat' dir='ltr'>apud</span> <span class='ocrx_word' id='word_1_173' title='bbox 814 3015 1016 3080; x_wconf 81' lang='lat' dir='ltr'>uenerabilem</span> <span class='ocrx_word' id='word_1_174' title='bbox 1034 3017 1127 3081; x_wconf 80' lang='lat' dir='ltr'>virum</span> <span class='ocrx_word' id='word_1_175' title='bbox 1149 3017 1298 3081; x_wconf 89' lang='lat' dir='ltr'>dominum</span> <span class='ocrx_word' id='word_1_176' title='bbox 1313 3017 1472 3082; x_wconf 67' lang='lat' dir='ltr'>Patronem</span> 
     </span>
     <span class='ocr_line' id='line_1_24' title="bbox 287 3124 1473 3215; baseline -0.006 -22"><span class='ocrx_word' id='word_1_177' title='bbox 287 3127 481 3215; x_wconf 77' lang='lat' dir='ltr'>prepositum</span> <span class='ocrx_word' id='word_1_178' title='bbox 493 3127 756 3213; x_wconf 79' lang='lat' dir='ltr'>Neroudurpenaia</span> <span class='ocrx_word' id='word_1_179' title='bbox 768 3127 898 3190; x_wconf 88' lang='lat' dir='ltr'>ecclesie</span> <span class='ocrx_word' id='word_1_180' title='bbox 914 3126 953 3190; x_wconf 89' lang='lat' dir='ltr'>de</span> <span class='ocrx_word' id='word_1_181' title='bbox 965 3146 1114 3189; x_wconf 90' lang='lat' dir='ltr'>consensu</span> <span class='ocrx_word' id='word_1_182' title='bbox 1126 3125 1223 3189; x_wconf 85' lang='lat' dir='ltr'>tocius</span> <span class='ocrx_word' id='word_1_183' title='bbox 1235 3125 1357 3211; x_wconf 87' lang='lat' dir='ltr'>capituli</span> <span class='ocrx_word' id='word_1_184' title='bbox 1368 3124 1473 3188; x_wconf 89' lang='lat' dir='ltr'>eccle·</span> 
     </span>
     <span class='ocr_line' id='line_1_25' title="bbox 288 3233 1471 3324; baseline -0.002 -23"><span class='ocrx_word' id='word_1_185' title='bbox 288 3240 333 3301; x_wconf 88' lang='lat' dir='ltr'>sia</span> <span class='ocrx_word' id='word_1_186' title='bbox 348 3233 607 3316; x_wconf 82' lang='lat' dir='ltr'>Newnburgansis</span> <span class='ocrx_word' id='word_1_187' title='bbox 622 3233 769 3318; x_wconf 87' lang='lat' dir='ltr'>quoddam</span> <span class='ocrx_word' id='word_1_188' title='bbox 782 3243 912 3324; x_wconf 83' lang='lat' dir='ltr'>protum</span> <span class='ocrx_word' id='word_1_189' title='bbox 928 3237 1022 3300; x_wconf 71' lang='lat' dir='ltr'>iuxta</span> <span class='ocrx_word' id='word_1_190' title='bbox 1037 3237 1145 3299; x_wconf 81' lang='lat' dir='ltr'>villum</span> <span class='ocrx_word' id='word_1_191' title='bbox 1158 3236 1358 3319; x_wconf 79' lang='lat' dir='ltr'>lliczendors</span> <span class='ocrx_word' id='word_1_192' title='bbox 1366 3235 1471 3310; x_wconf 77' lang='lat' dir='ltr'>situm,</span> 
     </span>
     <span class='ocr_line' id='line_1_26' title="bbox 289 3343 1473 3436; baseline -0.004 -23"><span class='ocrx_word' id='word_1_193' title='bbox 289 3349 372 3436; x_wconf 79' lang='lat' dir='ltr'>qood</span> <span class='ocrx_word' id='word_1_194' title='bbox 385 3346 470 3411; x_wconf 83' lang='lat' dir='ltr'>dicte</span> <span class='ocrx_word' id='word_1_195' title='bbox 484 3343 615 3410; x_wconf 82' lang='lat' dir='ltr'>ecclesie</span> <span class='ocrx_word' id='word_1_196' title='bbox 626 3365 689 3431; x_wconf 82' lang='lat' dir='ltr'>per</span> <span class='ocrx_word' id='word_1_197' title='bbox 703 3353 832 3409; x_wconf 81' lang='lat' dir='ltr'>mortem</span> <span class='ocrx_word' id='word_1_198' title='bbox 852 3347 883 3410; x_wconf 86' lang='lat' dir='ltr'>d.</span> <span class='ocrx_word' id='word_1_199' title='bbox 903 3346 1025 3411; x_wconf 75' lang='lat' dir='ltr'>octonis</span> <span class='ocrx_word' id='word_1_200' title='bbox 1039 3344 1287 3429; x_wconf 79' lang='lat' dir='ltr'>Percltoltotorf</span> <span class='ocrx_word' id='word_1_201' title='bbox 1300 3345 1473 3409; x_wconf 81' lang='lat' dir='ltr'>ministeri-</span> 
     </span>
     <span class='ocr_line' id='line_1_27' title="bbox 289 3455 1473 3543; baseline -0.004 -21"><span class='ocrx_word' id='word_1_202' title='bbox 289 3457 350 3522; x_wconf 84' lang='lat' dir='ltr'>alis</span> <span class='ocrx_word' id='word_1_203' title='bbox 356 3455 483 3521; x_wconf 76' lang='lat' dir='ltr'>Auotric</span> <span class='ocrx_word' id='word_1_204' title='bbox 491 3461 621 3537; x_wconf 81' lang='lat' dir='ltr'>ceperat</span> <span class='ocrx_word' id='word_1_205' title='bbox 632 3473 757 3527; x_wconf 84' lang='lat' dir='ltr'>cacare,</span> <span class='ocrx_word' id='word_1_206' title='bbox 773 3476 835 3541; x_wconf 87' lang='lat' dir='ltr'>pro</span> <span class='ocrx_word' id='word_1_207' title='bbox 851 3455 984 3543; x_wconf 74' lang='lat' dir='ltr'>tripintc</span> <span class='ocrx_word' id='word_1_208' title='bbox 996 3456 1086 3521; x_wconf 63' lang='lat' dir='ltr'>libros</span> <span class='ocrx_word' id='word_1_209' title='bbox 1097 3455 1300 3520; x_wconf 82' lang='lat' dir='ltr'>denariorum</span> <span class='ocrx_word' id='word_1_210' title='bbox 1312 3455 1473 3519; x_wconf 72' lang='lat' dir='ltr'>cotennen-</span> 
     </span>
    </p>
   </div>
   <div class='ocr_carea' id='block_1_9' title="bbox 288 3564 1599 3652">
    <p class='ocr_par' dir='ltr' id='par_1_9' title="bbox 288 3564 1599 3652">
     <span class='ocr_line' id='line_1_28' title="bbox 288 3564 1599 3652; baseline -0.004 -19"><span class='ocrx_word' id='word_1_211' title='bbox 288 3568 332 3633; x_wconf 84' lang='lat' dir='ltr'>sis</span> <span class='ocrx_word' id='word_1_212' title='bbox 353 3572 474 3630; x_wconf 67' lang='lat' dir='ltr'>monem</span> <span class='ocrx_word' id='word_1_213' title='bbox 496 3566 566 3627; x_wconf 81' lang='lat' dir='ltr'>iure</span> <span class='ocrx_word' id='word_1_214' title='bbox 578 3565 745 3649; x_wconf 85' lang='lat' dir='ltr'>precario,</span> <span class='ocrx_word' id='word_1_215' title='bbox 761 3566 845 3652; x_wconf 81' lang='lat' dir='ltr'>qaod</span> <span class='ocrx_word' id='word_1_216' title='bbox 866 3565 1039 3652; x_wconf 74' lang='lat' dir='ltr'>cctporiter</span> <span class='ocrx_word' id='word_1_217' title='bbox 1056 3564 1275 3652; x_wconf 56' lang='lat' dir='ltr'>„teidpediuffi</span> <span class='ocrx_word' id='word_1_218' title='bbox 1298 3564 1425 3634; x_wconf 81' lang='lat' dir='ltr'>dicitur,</span> <span class='ocrx_word' id='word_1_219' title='bbox 1451 3587 1473 3629; x_wconf 87' lang='lat' dir='ltr'>a</span> <span class='ocrx_word' id='word_1_220' title='bbox 1598 3573 1599 3576; x_wconf 76' lang='grc'>’</span> 
     </span>
    </p>
   </div>
   <div class='ocr_carea' id='block_1_10' title="bbox 220 3673 1476 4751">
    <p class='ocr_par' dir='ltr' id='par_1_10' title="bbox 220 3673 1476 4751">
     <span class='ocr_line' id='line_1_29' title="bbox 288 3673 1474 3763; baseline -0.008 -20"><span class='ocrx_word' id='word_1_221' title='bbox 288 3676 377 3743; x_wconf 82' lang='lat' dir='ltr'>nodis</span> <span class='ocrx_word' id='word_1_222' title='bbox 387 3673 614 3763; x_wconf 82' lang='lat' dir='ltr'>possidendum</span> <span class='ocrx_word' id='word_1_223' title='bbox 631 3694 694 3759; x_wconf 81' lang='lat' dir='ltr'>pro</span> <span class='ocrx_word' id='word_1_224' title='bbox 709 3681 850 3763; x_wconf 82' lang='lat' dir='ltr'>tempore</span> <span class='ocrx_word' id='word_1_225' title='bbox 868 3675 1079 3740; x_wconf 78' lang='lat' dir='ltr'>tantummodo</span> <span class='ocrx_word' id='word_1_226' title='bbox 1100 3681 1206 3738; x_wconf 82' lang='lat' dir='ltr'>nostre</span> <span class='ocrx_word' id='word_1_227' title='bbox 1220 3676 1284 3738; x_wconf 82' lang='lat' dir='ltr'>vite</span> <span class='ocrx_word' id='word_1_228' title='bbox 1303 3674 1344 3735; x_wconf 89' lang='lat' dir='ltr'>ita</span> <span class='ocrx_word' id='word_1_229' title='bbox 1360 3678 1474 3746; x_wconf 85' lang='lat' dir='ltr'>tamen,</span> 
     </span>
     <span class='ocr_line' id='line_1_30' title="bbox 289 3781 1475 3872; baseline -0.003 -21"><span class='ocrx_word' id='word_1_230' title='bbox 289 3784 368 3872; x_wconf 88' lang='lat' dir='ltr'>quod</span> <span class='ocrx_word' id='word_1_231' title='bbox 390 3783 560 3869; x_wconf 88' lang='lat' dir='ltr'>quicunque</span> <span class='ocrx_word' id='word_1_232' title='bbox 582 3788 714 3850; x_wconf 90' lang='lat' dir='ltr'>nostrum</span> <span class='ocrx_word' id='word_1_233' title='bbox 736 3784 819 3867; x_wconf 91' lang='lat' dir='ltr'>prior</span> <span class='ocrx_word' id='word_1_234' title='bbox 840 3784 1009 3848; x_wconf 83' lang='lat' dir='ltr'>decesserit</span> <span class='ocrx_word' id='word_1_235' title='bbox 1024 3783 1061 3847; x_wconf 89' lang='lat' dir='ltr'>ab</span> <span class='ocrx_word' id='word_1_236' title='bbox 1082 3783 1137 3847; x_wconf 90' lang='lat' dir='ltr'>hac</span> <span class='ocrx_word' id='word_1_237' title='bbox 1153 3783 1229 3855; x_wconf 84' lang='lat' dir='ltr'>rita,</span> <span class='ocrx_word' id='word_1_238' title='bbox 1246 3781 1325 3866; x_wconf 89' lang='lat' dir='ltr'>quod</span> <span class='ocrx_word' id='word_1_239' title='bbox 1340 3782 1475 3867; x_wconf 85' lang='lat' dir='ltr'>reliquus</span> 
     </span>
     <span class='ocr_line' id='line_1_31' title="bbox 289 3890 1473 3978; baseline -0.003 -18"><span class='ocrx_word' id='word_1_240' title='bbox 289 3899 423 3960; x_wconf 89' lang='lat' dir='ltr'>nostrum</span> <span class='ocrx_word' id='word_1_241' title='bbox 438 3897 593 3977; x_wconf 83' lang='lat' dir='ltr'>superstes</span> <span class='ocrx_word' id='word_1_242' title='bbox 609 3891 688 3955; x_wconf 89' lang='lat' dir='ltr'>idem</span> <span class='ocrx_word' id='word_1_243' title='bbox 701 3897 817 3976; x_wconf 86' lang='lat' dir='ltr'>pratum</span> <span class='ocrx_word' id='word_1_244' title='bbox 835 3891 873 3956; x_wconf 89' lang='lat' dir='ltr'>ad</span> <span class='ocrx_word' id='word_1_245' title='bbox 888 3897 1022 3978; x_wconf 88' lang='lat' dir='ltr'>tempora</span> <span class='ocrx_word' id='word_1_246' title='bbox 1037 3914 1091 3957; x_wconf 89' lang='lat' dir='ltr'>sue</span> <span class='ocrx_word' id='word_1_247' title='bbox 1107 3893 1167 3956; x_wconf 82' lang='lat' dir='ltr'>rite</span> <span class='ocrx_word' id='word_1_248' title='bbox 1183 3890 1291 3956; x_wconf 91' lang='lat' dir='ltr'>debeat</span> <span class='ocrx_word' id='word_1_249' title='bbox 1302 3891 1473 3977; x_wconf 86' lang='lat' dir='ltr'>possidere.</span> 
     </span>
     <span class='ocr_line' id='line_1_32' title="bbox 289 4001 1474 4091; baseline -0.003 -22"><span class='ocrx_word' id='word_1_250' title='bbox 289 4006 447 4091; x_wconf 87' lang='lat' dir='ltr'>Postquam</span> <span class='ocrx_word' id='word_1_251' title='bbox 459 4007 556 4067; x_wconf 90' lang='lat' dir='ltr'>autem</span> <span class='ocrx_word' id='word_1_252' title='bbox 568 4024 621 4067; x_wconf 89' lang='lat' dir='ltr'>nos</span> <span class='ocrx_word' id='word_1_253' title='bbox 633 4001 718 4067; x_wconf 88' lang='lat' dir='ltr'>ambo</span> <span class='ocrx_word' id='word_1_254' title='bbox 731 4004 841 4067; x_wconf 87' lang='lat' dir='ltr'>tratres</span> <span class='ocrx_word' id='word_1_255' title='bbox 851 4001 982 4067; x_wconf 89' lang='lat' dir='ltr'>debitum</span> <span class='ocrx_word' id='word_1_256' title='bbox 991 4003 1089 4068; x_wconf 85' lang='lat' dir='ltr'>carnis</span> <span class='ocrx_word' id='word_1_257' title='bbox 1102 4001 1315 4068; x_wconf 80' lang='lat' dir='ltr'>exsolverimus</span> <span class='ocrx_word' id='word_1_258' title='bbox 1325 4001 1474 4076; x_wconf 80' lang='lat' dir='ltr'>universe,</span> 
     </span>
     <span class='ocr_line' id='line_1_33' title="bbox 220 4110 1476 4196; baseline -0.003 -17"><span class='ocrx_word' id='word_1_259' title='bbox 220 4117 222 4122; x_wconf 79' lang='grc'>’</span> <span class='ocrx_word' id='word_1_260' title='bbox 290 4136 327 4179; x_wconf 85' lang='lat' dir='ltr'>ex</span> <span class='ocrx_word' id='word_1_261' title='bbox 347 4119 419 4179; x_wconf 89' lang='lat' dir='ltr'>tuuc</span> <span class='ocrx_word' id='word_1_262' title='bbox 442 4115 634 4177; x_wconf 89' lang='lat' dir='ltr'>memoratum</span> <span class='ocrx_word' id='word_1_263' title='bbox 657 4118 773 4196; x_wconf 88' lang='lat' dir='ltr'>pratum</span> <span class='ocrx_word' id='word_1_264' title='bbox 790 4113 828 4178; x_wconf 87' lang='lat' dir='ltr'>ad</span> <span class='ocrx_word' id='word_1_265' title='bbox 844 4110 1003 4178; x_wconf 89' lang='lat' dir='ltr'>ecclesiam</span> <span class='ocrx_word' id='word_1_266' title='bbox 1019 4110 1297 4194; x_wconf 83' lang='lat' dir='ltr'>Neuuburgensem</span> <span class='ocrx_word' id='word_1_267' title='bbox 1313 4111 1379 4175; x_wconf 89' lang='lat' dir='ltr'>sine</span> <span class='ocrx_word' id='word_1_268' title='bbox 1395 4112 1476 4188; x_wconf 80' lang='lat' dir='ltr'>omni</span> 
     </span>
     <span class='ocr_line' id='line_1_34' title="bbox 290 4220 1473 4307; baseline -0.004 -17"><span class='ocrx_word' id='word_1_269' title='bbox 290 4223 533 4290; x_wconf 88' lang='lat' dir='ltr'>contradiccione</span> <span class='ocrx_word' id='word_1_270' title='bbox 560 4224 679 4307; x_wconf 85' lang='lat' dir='ltr'>integre</span> <span class='ocrx_word' id='word_1_271' title='bbox 702 4226 879 4287; x_wconf 81' lang='lat' dir='ltr'>reuertatur.</span> <span class='ocrx_word' id='word_1_272' title='bbox 911 4221 942 4285; x_wconf 90' lang='lat' dir='ltr'>ln</span> <span class='ocrx_word' id='word_1_273' title='bbox 967 4223 1050 4287; x_wconf 87' lang='lat' dir='ltr'>cuius</span> <span class='ocrx_word' id='word_1_274' title='bbox 1083 4222 1128 4285; x_wconf 90' lang='lat' dir='ltr'>rei</span> <span class='ocrx_word' id='word_1_275' title='bbox 1150 4221 1348 4285; x_wconf 86' lang='lat' dir='ltr'>testimonium</span> <span class='ocrx_word' id='word_1_276' title='bbox 1373 4220 1473 4285; x_wconf 89' lang='lat' dir='ltr'>eidem</span> 
     </span>
     <span class='ocr_line' id='line_1_35' title="bbox 291 4329 1474 4416; baseline -0.004 -18"><span class='ocrx_word' id='word_1_277' title='bbox 291 4333 408 4398; x_wconf 91' lang='lat' dir='ltr'>domiuo</span> <span class='ocrx_word' id='word_1_278' title='bbox 426 4333 459 4395; x_wconf 86' lang='lat' dir='ltr'>P.</span> <span class='ocrx_word' id='word_1_279' title='bbox 476 4338 506 4396; x_wconf 92' lang='lat' dir='ltr'>et</span> <span class='ocrx_word' id='word_1_280' title='bbox 521 4331 652 4397; x_wconf 88' lang='lat' dir='ltr'>ecclesie</span> <span class='ocrx_word' id='word_1_281' title='bbox 666 4332 907 4413; x_wconf 83' lang='lat' dir='ltr'>Newnburgensi</span> <span class='ocrx_word' id='word_1_282' title='bbox 919 4336 1088 4416; x_wconf 87' lang='lat' dir='ltr'>presentem</span> <span class='ocrx_word' id='word_1_283' title='bbox 1103 4330 1219 4394; x_wconf 86' lang='lat' dir='ltr'>literam</span> <span class='ocrx_word' id='word_1_284' title='bbox 1236 4329 1372 4394; x_wconf 86' lang='lat' dir='ltr'>dedimus</span> <span class='ocrx_word' id='word_1_285' title='bbox 1384 4331 1474 4412; x_wconf 82' lang='lat' dir='ltr'>sigil-</span> 
     </span>
     <span class='ocr_line' id='line_1_36' title="bbox 290 4438 1476 4510; baseline -0.004 0"><span class='ocrx_word' id='word_1_286' title='bbox 290 4445 386 4510; x_wconf 90' lang='lat' dir='ltr'>lorum</span> <span class='ocrx_word' id='word_1_287' title='bbox 402 4447 569 4508; x_wconf 86' lang='lat' dir='ltr'>nostrorum</span> <span class='ocrx_word' id='word_1_288' title='bbox 593 4442 704 4507; x_wconf 86' lang='lat' dir='ltr'>robore</span> <span class='ocrx_word' id='word_1_289' title='bbox 720 4441 925 4505; x_wconf 87' lang='lat' dir='ltr'>conmunitam.</span> <span class='ocrx_word' id='word_1_290' title='bbox 951 4440 1059 4505; x_wconf 86' lang='lat' dir='ltr'>Testes</span> <span class='ocrx_word' id='word_1_291' title='bbox 1077 4445 1147 4504; x_wconf 90' lang='lat' dir='ltr'>suut</span> <span class='ocrx_word' id='word_1_292' title='bbox 1162 4438 1273 4502; x_wconf 90' lang='lat' dir='ltr'>domiui</span> <span class='ocrx_word' id='word_1_293' title='bbox 1300 4440 1419 4505; x_wconf 74' lang='lat' dir='ltr'>ldriocc</span> <span class='ocrx_word' id='word_1_294' title='bbox 1433 4442 1476 4505; x_wconf 86' lang='lat' dir='ltr'>de</span> 
     </span>
     <span class='ocr_line' id='line_1_37' title="bbox 291 4550 1473 4638; baseline -0.008 -18"><span class='ocrx_word' id='word_1_295' title='bbox 291 4553 505 4636; x_wconf 75' lang='lat' dir='ltr'>Briclrendorf,</span> <span class='ocrx_word' id='word_1_296' title='bbox 524 4552 712 4618; x_wconf 79' lang='lat' dir='ltr'>Olouradus</span> <span class='ocrx_word' id='word_1_297' title='bbox 734 4553 773 4617; x_wconf 84' lang='lat' dir='ltr'>dc</span> <span class='ocrx_word' id='word_1_298' title='bbox 793 4552 1021 4636; x_wconf 72' lang='lat' dir='ltr'>Proptenoeld‚</span> <span class='ocrx_word' id='word_1_299' title='bbox 1044 4552 1159 4638; x_wconf 75' lang='lat' dir='ltr'>Griffo,</span> <span class='ocrx_word' id='word_1_300' title='bbox 1183 4550 1333 4615; x_wconf 82' lang='lat' dir='ltr'>Reinboto</span> <span class='ocrx_word' id='word_1_301' title='bbox 1354 4551 1473 4638; x_wconf 64' lang='lat' dir='ltr'>uland,</span> 
     </span>
     <span class='ocr_line' id='line_1_38' title="bbox 293 4659 1472 4751; baseline -0.008 -18"><span class='ocrx_word' id='word_1_302' title='bbox 293 4666 388 4733; x_wconf 82' lang='lat' dir='ltr'>Cluolo</span> <span class='ocrx_word' id='word_1_303' title='bbox 401 4665 557 4751; x_wconf 74' lang='lat' dir='ltr'>officialia,</span> <span class='ocrx_word' id='word_1_304' title='bbox 574 4663 691 4730; x_wconf 80' lang='lat' dir='ltr'>Vlrc&#39;cua</span> <span class='ocrx_word' id='word_1_305' title='bbox 706 4668 781 4727; x_wconf 84' lang='lat' dir='ltr'>unte</span> <span class='ocrx_word' id='word_1_306' title='bbox 796 4660 969 4737; x_wconf 82' lang='lat' dir='ltr'>eccleciam,</span> <span class='ocrx_word' id='word_1_307' title='bbox 979 4661 1153 4745; x_wconf 78' lang='lat' dir='ltr'>fridericus</span> <span class='ocrx_word' id='word_1_308' title='bbox 1164 4659 1331 4725; x_wconf 73' lang='lat' dir='ltr'>liutetoclulc</span> <span class='ocrx_word' id='word_1_309' title='bbox 1345 4660 1472 4724; x_wconf 81' lang='lat' dir='ltr'>milites.</span> 
     </span>
    </p>
   </div>
   <div class='ocr_carea' id='block_1_11' title="bbox 0 0 1638 5350">
    <p class='ocr_par' dir='ltr' id='par_1_11' title="bbox 0 0 1638 5350">
     <span class='ocr_line' id='line_1_39' title="bbox 0 0 1638 5350; baseline 0 0"><span class='ocrx_word' id='word_1_310' title='bbox 0 0 1638 5350; x_wconf 95' lang='lat' dir='ltr'> </span> 
     </span>
    </p>
   </div>
  </div>
 </body>
</html>
