3242 5350
311 481 389 555 458

309 660 382 726 dicti
403 663 449 726 sui
472 659 550 724 bion.
568 661 752 744 prepositum
768 664 799 724 et
812 660 975 745 prelatum,
999 666 1086 748 prout
1106 683 1161 748 pro
1178 665 1262 747 parte
1277 678 1380 724 corum
1394 678 1482 723 rece·

308 769 415 853 pimus,
432 768 621 834 concorditer
636 769 802 852 elegerunt,
819 775 850 833 et
866 768 963 833 oblato
975 770 1060 834 nobis
1077 769 1199 835 decreto
1211 768 1366 834 electionis
1380 767 1482 830 buius·

310 880 389 945 modi
415 877 590 944 electionem
618 879 713 964 ipsam
741 899 796 963 per
819 878 990 961 religiosum
1011 880 1105 944 virum
1127 880 1278 946 Jcoodcm
1299 879 1340 943 dc
1355 876 1484 943 Cbrerns

308 990 454 1056 similiter
468 1011 573 1055 eornm
589 991 839 1056 concanonicum
857 997 1096 1077 procuratorem
1117 990 1258 1079 ipsorum
1280 987 1399 1051 nomine
1414 1005 1483 1070 pro·

309 1101 460 1165 curatorio
476 1105 507 1163 et
523 1119 577 1185 pro
593 1100 666 1184 ipsis
682 1120 697 1163 a
714 1099 799 1164 nobis
817 1099 984 1165 confirmari
1008 1099 1109 1165 debita
1130 1120 1199 1165 curn
1219 1097 1365 1163 instancia
1382 1095 1484 1180 pecie·

310 1214 387 1273 runt.
411 1207 520 1273 Verum
536 1209 604 1291 quia
621 1207 686 1273 aliis
703 1208 804 1274 arduis
828 1215 859 1274 et
879 1207 1099 1274 inevitabilibus
1116 1208 1225 1274 nostris
1241 1211 1272 1272 et
1286 1207 1368 1272 dicte
1384 1207 1485 1268 nostre

307 1320 437 1386 ecclesie
463 1317 612 1404 prepediti
634 1318 767 1403 negociis
792 1316 830 1382 de
857 1317 970 1384 meritis
996 1316 1159 1384 eleccionis
1180 1315 1276 1402 ipsius
1297 1322 1328 1381 et
1353 1333 1485 1399 persone

308 1426 405 1494 electe
426 1446 612 1512 cognoscere
635 1432 666 1492 et
687 1426 780 1512 petite
801 1426 1040 1493 continuacionis
1063 1427 1190 1511 negocio
1213 1423 1407 1490 intercedere
1429 1442 1486 1487 non

311 1556 484 1621 possumus,
508 1556 562 1620 pro
583 1537 733 1620 presenti,
754 1536 857 1620 Quare
880 1536 1037 1603 devocioni
1053 1543 1103 1602 tue
1120 1535 1312 1607 comittinaus,
1339 1537 1485 1619 quatenus

310 1645 454 1729 premissa
471 1643 553 1708 crida
571 1665 625 1709 seu
642 1643 879 1729 proclamacioue
902 1651 934 1709 ut
950 1651 998 1709 est
1014 1646 1105 1721 iuris,
1130 1644 1256 1710 serratis
1271 1648 1302 1706 et
1318 1639 1485 1714 servandis,

307 1754 334 1819 si
349 1755 445 1820 nullus
462 1754 634 1838 apparuerit
649 1754 802 1838 oppositor
814 1774 868 1819 seu
880 1755 1091 1828 contradictor,
1108 1759 1140 1818 et
1154 1755 1180 1818 si
1193 1752 1378 1818 eleccionem
1391 1751 1485 1834 ipsam

307 1864 458 1928 inveneris
474 1862 612 1926 informa
629 1861 728 1925 debita
752 1865 782 1925 et
803 1862 842 1928 dc
857 1883 984 1947 persone
999 1864 1117 1949 ydonee
1133 1864 1276 1927 canonice
1291 1859 1483 1932 celebratam,

307 1975 402 2058 ipsam
418 1974 484 2036 rice
507 1979 537 2036 et
560 1972 738 2035 auctoritate
754 1973 864 2035 nostris
882 1972 1056 2036 confirmare
1072 1971 1211 2043 studeas,
1235 1969 1382 2034 Proficies
1398 1968 1481 2034 elec·

307 2088 368 2147 tum
384 2083 480 2167 ipsum
497 2081 594 2146 eidem
611 2082 688 2145 bion.
705 2080 734 2145 iu
751 2079 1016 2165 Hertzcgeuburga
1031 2081 1062 2145 in
1078 2080 1263 2164 prepositum
1279 2083 1310 2142 et
1324 2077 1482 2163 prelatum,

308 2193 465 2279 ipsumque
480 2197 512 2255 vt
527 2196 574 2255 est
590 2191 700 2264 moris,
716 2191 859 2255 investias
877 2189 915 2253 dc
930 2190 1052 2262 eodem,
1077 2187 1183 2253 Curam
1205 2196 1237 2251 et
1259 2190 1398 2269 regimen
1420 2188 1482 2250 ani·
1591 2267 1592 2280 χ

308 2321 421 2366 marum
437 2305 467 2365 et
483 2300 773 2365 administracionem
790 2300 987 2383 spiritualium
1005 2307 1035 2366 et
1050 2299 1254 2384 temporalium
1278 2299 1377 2382 ipsius
1402 2316 1482 2362 com·

309 2412 453 2476 mittendo
482 2411 594 2485 eidem,
619 2408 765 2475 Adhibitis
792 2408 1049 2494 solempnitatibus
1077 2405 1188 2472 debitis
1214 2411 1246 2470 ct
1268 2405 1434 2470 consuetis
1449 2411 1479 2469 et

308 2521 365 2586 alia
380 2521 410 2583 in
425 2519 595 2586 huiusmodi
611 2521 740 2602 negocio
757 2519 867 2590 iacias,
884 2539 942 2604 que
959 2517 997 2582 de
1019 2518 1085 2582 iure
1100 2516 1212 2581 fuerint
1226 2513 1365 2581 iacienda
1383 2512 1483 2600 Super
1591 2567 1592 2582 ,

306 2628 412 2716 quibus
436 2627 491 2694 tibi
513 2636 619 2694 tenore
645 2628 837 2714 presencium
862 2627 986 2693 liberam
1010 2626 1202 2692 concedimus
1230 2623 1418 2700 facultatem,
1441 2625 1481 2690 lta
1591 2613 1592 2660 Ῑ

305 2743 418 2816 tamen,
442 2737 520 2823 qued
541 2736 622 2802 idem
642 2738 773 2812 electus,
797 2748 952 2823 postquam
976 2736 1166 2801 confirmatus
1182 2737 1272 2800 fuerit
1293 2734 1382 2800 nobis
1399 2754 1481 2821 mam

308 2848 367 2912 cito
393 2845 517 2911 comode
539 2844 604 2911 lieri
624 2849 748 2930 poterit,
771 2851 889 2930 prestet
908 2848 1101 2911 iuramentum
1125 2845 1301 2909 obediencie
1317 2843 1438 2909 solitum
1454 2852 1484 2908 et

307 2960 499 3021 consuetum.
543 2953 651 3018 Harum
682 2955 852 3019 testimonio
884 2955 1036 3019 literanum
1072 2953 1163 3038 sigilli
1194 2954 1288 3018 nostri
1324 2954 1482 3019 munimine

307 3064 519 3129 roboratarum.
532 3063 598 3128 [lat.
611 3065 744 3130 Pctoaic
755 3064 804 3128 die
816 3064 855 3127 xl
870 3066 980 3129 mensis
995 3063 1077 3128 iunii
1092 3065 1175 3128 duno
1192 3062 1308 3128 Domini
1325 3061 1482 3126 Millesimo

312 3171 403 3238 CCC⁰
426 3172 505 3236 LXX
533 3178 648 3256 quartu.
679 3173 822 3239 Veientes
850 3174 950 3258 itaque
978 3172 1144 3237 mandatum
1170 3172 1277 3257 prelati
1304 3170 1481 3236 venerabilis

312 3282 423 3347 domini
456 3285 551 3348 nostri
572 3282 712 3366 Episcopi
742 3282 867 3368 exequi,
891 3288 922 3346 rt
941 3289 1094 3355 tenemur,
1110 3281 1223 3347 cridam
1244 3301 1298 3346 seu
1314 3279 1480 3365 proclama·

306 3392 413 3455 terium
429 3391 458 3452 in
475 3390 654 3455 monasterio
670 3390 765 3454 sancti
777 3387 903 3472 Georgii
918 3389 948 3452 in
963 3387 1227 3472 liertaogenburga
1242 3386 1314 3453 Gan.
1326 3387 1402 3472 lieg.
1418 3387 1479 3452 ord.

307 3506 339 3563 et
352 3497 430 3564 dioc.
448 3499 647 3583 predictorum
663 3498 783 3583 publice
798 3497 866 3562 fieri
882 3498 1018 3573 fecimus,
1034 3502 1065 3562 vt
1080 3499 1107 3561 si
1122 3497 1230 3583 aliquis
1245 3497 1326 3562 dicte
1342 3496 1481 3562 electioni

306 3607 351 3672 vel
378 3606 475 3673 electo
503 3627 656 3692 opponere
686 3607 795 3681 vellet,
818 3606 959 3671 xxiidie
985 3608 1097 3672 mensis
1119 3607 1200 3671 lunii
1225 3606 1366 3694 (spitere
1388 3606 1479 3678 lland,

282 3717 383 3781 tvl.
400 3713 525 3803 Octob.)
550 3722 620 3781 tunc
643 3716 777 3801 proxime
801 3717 900 3782 futura
922 3737 1021 3782 coram
1044 3715 1130 3781 nobis
1153 3717 1183 3779 in
1204 3715 1285 3781 dicto
1301 3715 1479 3779 blcnasterio

306 3830 409 3891 sancte
432 3826 525 3890 llarie
552 3826 581 3891 iu
606 3823 787 3907 Neunburga
809 3825 874 3890 ord.
899 3831 930 3892 et
951 3827 1028 3892 disc
1054 3825 1264 3910 premissorum
1281 3824 1479 3910 peremptorie

306 3940 510 4018 compareret,
534 3933 573 3998 lit
585 3935 653 4020 quia
690 3936 826 4019 predicta
848 3935 898 4000 die
923 3935 1021 4000 nullus
1044 3934 1198 4020 oppositor
1213 3934 1393 4018 comparuit,
1417 3933 1478 4017 ipso

307 4043 405 4109 electo
429 4050 460 4109 et
481 4045 725 4129 procuratoribus
747 4045 820 4110 dicti
836 4042 1006 4109 Conventus
1028 4045 1172 4128 legittime
1187 4042 1426 4127 comparentibus
1449 4046 1478 4105 et

305 4151 452 4221 instanter
472 4153 663 4237 petentibus,
688 4158 718 4218 vt
741 4154 771 4216 in
797 4154 924 4237 negocio
945 4153 1100 4220 electionis
1121 4151 1371 4238 procederemus}
1394 4155 1477 4235 prout

307 4262 345 4325 de
361 4262 429 4326 iure
444 4262 523 4328 foret
538 4261 776 4347 procedendum,
800 4262 922 4348 Nosque
938 4282 974 4326 ex
990 4263 1112 4328 decreto
1128 4261 1284 4327 electionis
1301 4259 1435 4345 predicte
1449 4262 1478 4321 et

307 4370 371 4435 aliis
397 4370 627 4454 probacionibus
653 4369 820 4435 invenimus
848 4370 1026 4437 electionem
1052 4369 1226 4457 prelibatum
1247 4371 1342 4435 luisse
1363 4374 1394 4433 et
1413 4387 1478 4432 esse

305 4482 447 4545 canonice
463 4484 494 4544 et
509 4478 703 4544 concorditer
717 4478 915 4554 celebratam,
943 4479 1104 4566 Nicbilque
1120 4482 1292 4546 canonicum
1307 4479 1365 4564 ipsi
1381 4477 1472 4542 electo

305 4587 469 4662 obsistere,
486 4595 609 4673 propter
625 4587 704 4674 quod
721 4589 816 4673 ipsius
832 4590 940 4655 electio
956 4589 994 4654 de
1009 4590 1074 4654 iure
1089 4587 1217 4654 debebat
1231 4587 1371 4653 infirmari
1385 4587 1474 4671 Ipsam
1591 4606 1592 4641 ὲ

305 4698 440 4763 invocato
467 4698 516 4762 dei
544 4698 662 4763 nomine
684 4700 860 4763 auctoritate
885 4699 1038 4764 memorati
1064 4696 1223 4763 reverendi
1251 4698 1280 4761 in
1306 4698 1361 4762 lito
1387 4692 1474 4780 patris
1591 4766 1592 4775 χ
