3242 5350
741 785 850 856 XLVI.

161 968 245 1038 Aaron
263 972 413 1045 Bessos
433 994 513 1032 »οη
540 978 682 1041 moreau,
709 980 822 1051 quoin
839 977 910 1034 aser
935 977 980 1033 so
1003 977 1048 1032 ea·
1071 978 1176 1051 oropo
1194 978 1269 1034 esso
1290 977 1391 1052 supa

161 1061 260 1118 eristen
274 1064 448 1121 samm
461 1067 530 1124 cles
543 1085 607 1124 zur
620 1068 698 1142 Hiifs
709 1069 758 1124 des
769 1069 834 1124 tots
847 1069 960 1125 henotes
972 1068 1235 1139 supratacto-sn
1247 1069 1391 1127 zuene.

616 1215 675 1269 Det.
694 1232 716 1268 s.
729 1214 747 1269 Ι.
759 1215 803 1271 18.
824 1215 883 1270 Juni
903 1215 981 1270 1291.

231 1358 298 1422 Nos
322 1361 483 1445 Atys-ors
511 1364 576 1427 dci
597 1370 629 1428 ct
650 1364 832 1450 Apostolica
853 1364 961 1451 pratia
984 1363 1162 1450 Episcopum
1191 1364 1394 1430 Torcellanus

158 1491 191 1534 ao
203 1471 362 1535 collector
381 1470 547 1537 decime
563 1479 651 1537 terre
672 1480 782 1538 saone
796 1472 934 1539 subsidio
950 1472 1100 1559 depostme
1121 1494 1182 1560 per
1196 1473 1396 1540 Alamaniam

157 1579 342 1644 constitutus
361 1581 606 1664 presentibus
621 1580 804 1665 profitemur,
821 1579 900 1668 quod
916 1579 1097 1646 venerabilis
1112 1580 1144 1645 in
1160 1580 1280 1647 Christo
1301 1583 1394 1647 irater

156 1674 297 1754 Dominus
314 1690 424 1756 Patro
445 1690 728 1778 Nivmburpcmis
738 1691 882 1756 Deciens
891 1690 1075 1779 Propositus
1086 1690 1270 1755 Peterieusis
1282 1690 1395 1755 Disce·

151 1799 194 1862 sis
208 1799 397 1863 Pecuniam
418 1799 578 1872 decime,
592 1818 679 1884 quam
695 1807 765 1883 aput
776 1800 873 1884 ipsum
886 1799 1120 1884 deposueramus
1136 1800 1254 1864 nomine
1265 1801 1397 1864 Romane

140 1908 317 1981 Rectene,
336 1908 505 1972 tradidit
530 1915 562 1972 et
578 1910 766 1993 consignavit
780 1909 817 1973 sd
834 1914 964 1975 nostrum
984 1908 1191 1993 repetitionem
1207 1929 1264 1994 per
1279 1914 1397 1974 nostros

134 2016 264 2082 litteras
294 2024 336 2082 et
366 2017 559 2101 sigillum,
584 2018 692 2082 uostris
725 2018 818 2083 certis
849 2018 967 2082 nunciis
990 2017 1085 2103 ipsum
1114 2021 1271 2103 pecuniam
1295 2024 1397 2083 nostro

142 2127 276 2193 numine
295 2132 336 2192 et
354 2127 406 2191 de
428 2126 586 2191 mandato
603 2131 703 2192 nostro
721 2127 927 2213 repetentibus
943 2129 1009 2191 vioe
1020 2133 1132 2200 nostra,
1149 2128 1290 2194 videlieet
1305 2130 1398 2191 hono·

147 2236 248 2303 rabin
261 2239 341 2303 rire
362 2235 547 2304 Heinrico
562 2236 722 2302 soomdoti
739 2236 861 2301 ordinis
877 2239 1015 2321 fratrum
1035 2237 1075 2302 ue
1095 2239 1184 2302 domo
1208 2236 1400 2303 iiiertunioa

155 2349 194 2413 ὴ
212 2346 390 2424 wenna,
412 2353 454 2411 ct
473 2346 563 2430 Zaps
576 2352 683 2412 nostro
699 2346 816 2411 clerico
836 2352 867 2410 eo
881 2347 1053 2431 familiari,
1073 2345 1215 2411 videlicet
1231 2354 1347 2411 centum
1370 2353 1401 2410 et

166 2458 284 2523 uocem
305 2456 419 2521 libres
447 2455 643 2519 denariorum
659 2454 913 2526 Wiennensium,·
925 2475 998 2539 quas
1014 2456 1181 2540 recepimus
1205 2455 1402 2520 irreserabili

174 2574 271 2652 petre
296 2566 443 2633 (turnino
471 2564 587 2629 abiate
608 2563 819 2630 otonoiosnsi
850 2564 923 2627 Item
946 2563 1067 2647 triginta
1098 2562 1189 2627 libros
1213 2563 1403 2629 denariorum

181 2678 461 2748 Wienneusium‚
487 2695 563 2760 ques
579 2676 748 2759 recepimus
772 2696 793 2739 a
804 2673 970 2763 preposito
997 2673 1179 2761 Ypolitcnsi.
1203 2673 1276 2738 ltem
1297 2673 1402 2739 decem

186 2795 221 2851 et
243 2806 364 2851 novem
390 2783 497 2849 libras
521 2785 623 2848 denar.
656 2782 896 2856 Wienneusium,
920 2803 993 2868 ques
1016 2784 1185 2868 recepimus
1209 2803 1226 2846 e
1249 2784 1402 2868 preposito

194 2896 317 2961 Sancti
335 2893 482 2976 Georgii
497 2893 532 2957 in
543 2892 834 2981 Herozopmiurols.
851 2893 923 2957 ltem
933 2893 1055 2976 triginta
1067 2892 1160 2957 libres
1177 2893 1279 2956 dener.
1298 2893 1405 2957 Wien-

199 3004 358 3076 nensium.
376 3021 459 3088 quus
475 3001 645 3084 recepimus
667 3021 682 3064 a
706 3001 944 3090 iumprcposito
956 3003 1155 3068 Patnoicnsis
1171 3002 1329 3074 Ecclesis,
1347 3021 1406 3086 que

205 3113 339 3196 pecunia
356 3116 390 3176 in
414 3129 530 3174 summa
546 3110 682 3174 escendit
696 3129 791 3195 usque
813 3110 850 3174 sd
870 3109 1015 3176 ducentes
1032 3110 1124 3176 libras
1150 3111 1245 3175 minus
1263 3109 1407 3175 Vndeoim

207 3220 312 3298 libris,
336 3220 379 3284 de
396 3239 458 3304 qua
473 3221 601 3303 pecunie
616 3217 783 3303 predictum
806 3217 955 3282 domiuum
971 3219 1120 3285 Pabonem
1142 3220 1330 3303 Propositum
1352 3238 1408 3303 per

207 3330 272 3395 hoc
290 3331 442 3414 scriptum
458 3324 611 3392 reddimus
628 3327 804 3402 absolutum,
821 3329 969 3393 iacientes
987 3328 1086 3393 eidem
1097 3327 1266 3393 testimonio
1283 3347 1409 3412 presen-

209 3440 297 3504 cium
312 3438 416 3502 nostri
432 3436 535 3520 sigini
546 3438 706 3503 munimine
718 3439 900 3520 signatarum
913 3436 951 3501 de
967 3438 1120 3503 solucione
1137 3435 1270 3501 eiusdem
1282 3436 1409 3520 pecunie

210 3547 313 3611 finem
330 3552 365 3611 et
381 3545 600 3632 quieteoioaem
618 3551 649 3609 et
664 3533 783 3630 pactum
800 3548 838 3610 de
855 3544 987 3611 Vlterius
1005 3567 1061 3610 non
1078 3545 1217 3631 petendo,
1233 3566 1326 3632 qrsam
1342 3545 1412 3632 qui·

212 3657 292 3720 dem
312 3654 485 3742 pecuniam
506 3655 591 3721 dicto
603 3640 706 3740 fratri
725 3656 876 3722 Heinrico
900 3655 1106 3722 commisimus
1130 3654 1360 3741 recipiendam,
1381 3660 1413 3718 ct

218 3765 371 3830 Venetiae
387 3765 443 3830 nsi
458 3764 576 3829 nostris
598 3765 750 3852 superuis
771 3771 802 3830 ct
813 3764 960 3853 periculo
983 3765 1018 3830 irs
1033 3786 1138 3831 omnes
1162 3785 1253 3831 ausus
1264 3762 1413 3848 fortuitos

214 3873 454 3940 deducendam.
471 3873 582 3937 Testes
598 3893 669 3938 rere
682 3875 894 3958 premissorum
911 3878 993 3938 suut:
1006 3877 1113 3958 frater
1127 3874 1296 3939 Heinrious
1311 3872 1414 3937 dictus

213 3982 404 4060 Manstoci,
416 3983 629 4069 provincialis
640 3986 779 4068 fratrum
794 3984 939 4050 dedomo
958 3983 1152 4049 Docutunioc
1167 4004 1228 4070 per
1242 3981 1413 4047 Austoium.

216 4092 304 4158 Item
316 4096 424 4177 frater
443 4090 573 4164 Vtrious,
589 4092 695 4158 distros
713 4091 849 4158 Ciolnsr
864 4093 1002 4158 ciusdem
1017 4092 1146 4156 ordinis.
1170 4092 1249 4157 Item
1262 4093 1415 4160 Dominus

218 4201 442 4284 liutprandus
453 4202 611 4273 Dcoanns
625 4201 777 4267 Dominus
789 4201 859 4266 Otto
874 4201 915 4265 dc
925 4200 1155 4287 Proornperoi,
1167 4201 1320 4266 Dominus
1330 4202 1416 4265 Pau·

221 4313 278 4376 lus
300 4311 520 4386 Camerarius,
536 4293 881 4375 nominassemus
907 4317 1025 4382 eustos,
1048 4310 1200 4374 Dominus
1224 4309 1415 4398 Stephanus,

222 4421 383 4485 Dosorinus
397 4419 533 4484 Jasoiuo
548 4419 795 4506 Hospitoionsis,
814 4417 966 4484 Canonioi
986 4417 1245 4507 Niumburpensis
1266 4420 1417 4485 Dociesic.

227 4529 308 4594 ltem
329 4530 508 4594 Hemnanus
535 4527 697 4599 Ymianns,
721 4528 874 4593 Nicotaus
896 4526 1113 4615 dispunctor,
1140 4525 1257 4595 tiriaus
1278 4529 1318 4593 de
1335 4528 1418 4604 Itsu,

230 4640 411 4705 Hennaeus
425 4640 467 4703 dc
477 4638 641 4725 frsisinpe,
657 4638 801 4704 Ditricus
816 4638 857 4701 de
876 4637 1014 4710 Wienna,
1033 4640 1104 4704 Otto
1125 4639 1166 4705 de
1180 4637 1263 4712 lisa,
1280 4640 1418 4705 Heiden·

230 4748 319 4815 rious
343 4747 544 4815 Camerarius
567 4755 599 4812 st
614 4748 728 4834 plures
751 4744 801 4809 elii
825 4745 885 4810 tide
909 4746 1001 4829 digai.
1026 4749 1131 4811 Actum
1156 4752 1188 4810 et
1208 4748 1314 4813 Dstum
1336 4750 1419 4813 Auno
