3242 5350
331 478 380 549 48

328 656 514 743 Pilpcrimua
530 663 561 720 ct
578 655 757 722 Wlbclmae
772 657 910 743 dyaconi
920 658 1133 722 ctHainricna
1145 659 1371 743 subdyaconua,
1383 660 1506 746 aliisque

328 762 470 828 fidelibus
496 762 611 828 christi.
638 764 743 829 ilatum
759 786 834 830 anno
859 766 977 830 Domini
1000 766 1109 831 M⁰CCt
1125 767 1316 850 nonagesimo
1337 769 1387 833 th
1410 770 1440 832 lu
1456 769 1504 834 die

328 872 416 936 beate
433 873 555 955 virginis
570 870 698 936 iuliane.

383 996 441 1048 orig.
451 998 512 1049 Perg.
523 997 619 1050 (Ερμῆ.
634 996 677 1036 l'et.
688 1000 723 1038 lir.
735 998 753 1043 l,
763 999 800 1038 fol.
815 999 869 1045 ³⁰⁰5
884 999 922 1038 nd
937 1000 1004 1040 Gbrrt.
1022 998 1105 1039 trebiri
1119 999 1155 1045 lli.
1173 1001 1210 1039 iol.
1228 1001 1261 1046 78,
1275 999 1308 1056 b.)
1328 1003 1368 1041 ors
1379 1002 1448 1054 Siegel
1457 1003 1507 1041 Ger·

328 1068 405 1114 lrrrd's.
429 1069 487 1114 ruod,
510 1082 547 1109 ror
561 1071 641 1121 gelberu
656 1072 739 1116 Wrcbr.
758 1072 814 1124 :eiga
832 1072 889 1112 einen
908 1072 1038 1124 dreieeliger
1054 1072 1073 1111 ir
1092 1073 1142 1113 arrei
1157 1073 1230 1113 Felder
1244 1074 1355 1125 getbeitter
1374 1074 1456 1121 aetium
1480 1075 1505 1114 in

328 1142 477 1182 oberenl'eldc
490 1143 534 1182 sind
550 1143 594 1183 drei
609 1145 694 1195 parallel
708 1146 802 1184 tante-de
817 1145 942 1186 boriaortale
958 1146 1049 1189 hindar.
1065 1145 1100 1185 dar
1119 1151 1190 1185 utere
1210 1146 1290 1197 gleirbt
1308 1148 1353 1186 den
1368 1154 1453 1187 sarem
1475 1148 1506 1188 bei

328 1215 422 1255 Duellius
436 1216 483 1258 Ere.
500 1218 582 1256 Generi.
597 1219 622 1259 Τ.
632 1216 655 1262 V,
664 1219 700 1258 ltr.
710 1217 744 1256 bo.
759 1218 883 1260 curcurim
897 1219 992 1269 Sigillum
1007 1217 1106 1258 Gerbardi
1117 1241 1140 1248 -
1152 1241 1177 1249 -
1188 1242 1219 1256 -.
1244 1220 1285 1259 Das
1298 1220 1367 1271 Siegcl
1376 1219 1509 1266 Friedricb's,

328 1302 365 1329 ron
375 1290 454 1329 rotbern
462 1290 543 1334 wicus.
558 1291 637 1343 gleielrt
646 1303 696 1343 gros
703 1290 771 1340 ierem
785 1292 819 1331 bri
831 1292 923 1332 Duellius
933 1295 956 1332 T.
970 1293 1005 1335 lll.
1020 1294 1055 1333 br.
1070 1293 1102 1332 25.
1118 1293 1158 1331 Der
1169 1293 1253 1332 Ptrrrer
1262 1292 1319 1333 belet
1330 1293 1388 1333 einer
1399 1295 1508 1334 rteberder

328 1364 385 1402 Ιιιι
396 1376 428 1408 n.
437 1364 526 1404 wrlober
536 1363 556 1403 iu
565 1365 602 1405 der
609 1364 683 1405 Lirler
693 1365 725 1405 eir
737 1366 791 1405 Brolr
802 1366 853 1410 biit,
863 1366 902 1406 und
910 1367 947 1406 nit
959 1366 996 1406 der
1005 1366 1094 1405 beetur
1104 1371 1182 1417 uruat.
1197 1366 1321 1407 Unsobrift:
1330 1367 1426 1419 Sigillum
1436 1368 1507 1408 rrius·

329 1435 367 1477 rici
382 1435 466 1476 Ptebrri
480 1436 500 1476 ir
514 1434 647 1478 llolrbrr'rnr.
662 1440 703 1479 Das
713 1440 782 1491 biegel
793 1439 863 1480 ‘l'ntr'r
878 1451 915 1479 ror
925 1439 1041 1491 ratenberg
1050 1439 1078 1479 ist
1091 1440 1217 1480 rerbroeber
1232 1441 1271 1480 aad
1286 1439 1366 1480 rurder
1379 1442 1509 1492 Purgament-

329 1508 545 1550 streiterrcrbrrrirr.

400 1600 447 1654 Die
466 1605 543 1655 unter
561 1600 611 1654 den
630 1602 736 1671 Zeugen
755 1603 971 1657 vorkorumeuden
984 1604 1118 1656 Heinricus
1138 1605 1304 1675 praepositus
1323 1603 1357 1656 de
1371 1605 1508 1675 Absperge

329 1690 381 1744 und
400 1692 513 1745 Lazarus
533 1692 616 1746 irater
634 1693 728 1747 ibidem
745 1692 803 1747 sind
823 1693 932 1747 Glieder
950 1692 997 1746 des
1016 1694 1110 1748 seinos
1135 1695 1272 1756 llondsee‚
1298 1694 1356 1748 dem
1378 1694 1509 1765 Abtsbcrg

329 1783 481 1852 zugehdrte.
501 1783 566 1855 (Per
585 1782 649 1838 Cod.
669 1785 732 1857 dipl.
751 1785 779 1838 P.
798 1783 829 1847 ll,
848 1802 874 1854 p.
894 1783 953 1855 34.)

878 1953 959 2025 LlV.

336 2076 502 2141 Wcrnltord,
518 2071 697 2146 Biactoscon
709 2076 828 2139 Parada,
848 2074 961 2132 ertbeitt
979 2074 1031 2130 der
1045 2075 1160 2148 Capella
1176 2095 1198 2132 a.
1209 2075 1510 2153 connuncupatam

513 2186 550 2223 aar
567 2168 823 2238 Heraoqbierboam
842 2166 888 2223 dic
905 2166 1009 2221 Recito
1027 2167 1106 2221 einer
1123 2165 1321 2240 Psarrlrircbe.

713 2278 772 2332 ost.
791 2275 867 2332 Wien
886 2277 930 2331 22.
946 2277 1022 2330 Febr.
1043 2277 1122 2332 1294.

423 2390 635 2456 chrnbordae
650 2389 713 2454 Dei
719 2389 829 2479 pratia
840 2389 1039 2453 Potooiensia
1054 2389 1231 2478 Episcopus
1244 2388 1388 2456 Omnibus
1401 2394 1431 2456 in
1445 2413 1513 2478 per-

331 2504 463 2585 petuum.
485 2499 706 2572 Peticionibus,
733 2519 806 2583 quas
830 2517 885 2582 pro
911 2497 1107 2561 ecclesiarum
1135 2498 1295 2583 recipimus
1318 2500 1511 2576 necessitate,

330 2613 410 2673 tanto
428 2607 653 2674 favorabiliores
666 2627 720 2671 nos
732 2605 838 2671 baberi
854 2607 1007 2685 conuenit,
1029 2610 1138 2692 quanto
1155 2628 1206 2672 eas
1222 2609 1328 2676 devota
1343 2613 1515 2695 potenciam

330 2721 474 2785 instancia
490 2720 618 2784 racionis
636 2719 737 2783 fulcita
753 2718 872 2781 tramite
888 2717 986 2781 reddit
1002 2717 1204 2781 exaudiciouis
1219 2720 1321 2800 gracia
1338 2725 1369 2783 et
1383 2722 1514 2805 promti·

330 2831 434 2895 tudine
456 2831 624 2915 digniores:
648 2830 770 2892 maxime
794 2847 860 2891 cum
885 2825 972 2890 saluti
994 2827 1171 2891 conueniant
1192 2829 1362 2892 animarum.
1385 2829 1516 2915 Propter

331 2939 409 3026 quod
430 2939 468 3004 ad
488 2938 676 3025 presencium
701 2942 731 3001 et
746 2939 910 3001 futurorum
927 2935 1065 2999 noticiam
1088 2956 1143 3018 per
1163 2937 1267 3002 barum
1297 2939 1514 3005 continenciam

334 3050 485 3115 literarum
510 3050 644 3133 cupimus
667 3046 937 3131 perreni1·e‚quod
955 3065 1020 3109 cum
1036 3047 1162 3131 capella
1179 3047 1213 3112 in
1228 3048 1512 3136 Hercaopen-Pyr-

331 3161 439 3232 boum,
456 3180 516 3247 quc
529 3166 577 3224 cat
588 3159 657 3244 filio
673 3157 816 3223 Ecclesiae
835 3154 1034 3220 Parocbialia
1049 3155 1083 3218 in
1098 3156 1292 3230 Hotoman,
1310 3158 1339 3221 in
1356 3158 1467 3223 diriuis
1485 3164 1514 3222 et

330 3268 523 3335 sacramentis
540 3267 757 3332 ecclesiasticis
772 3285 883 3348 graves
899 3269 930 3327 et
945 3264 1130 3347 periculosos
1152 3270 1306 3348 pateretur
1322 3266 1462 3331 deiectus
1478 3288 1514 3331 ex

332 3400 379 3453 eo,
395 3376 475 3465 quod
492 3398 508 3441 a
524 3377 686 3461 parochiali
702 3375 833 3440 ecclesia
848 3394 905 3457 per
920 3372 1038 3435 nimiam
1055 3379 1168 3438 remota
1185 3374 1359 3439 distauciam
1375 3377 1515 3441 resideo·

331 3494 390 3553 tem
406 3508 464 3552 non
480 3486 618 3550 habuerit
628 3486 826 3556 sacerdotem,
842 3483 896 3547 sed
913 3482 1048 3546 homiues
1065 3484 1160 3570 ipsius
1174 3484 1250 3549 Ville
1261 3485 1297 3549 ad
1311 3485 1512 3569 parochialem

330 3596 488 3663 ecclesiam
511 3617 564 3682 pro
580 3596 655 3680 ipsis
672 3595 781 3660 diuinis
798 3597 829 3657 et
851 3591 1048 3659 sacramentis
1064 3596 1281 3661 ecclesiasticis
1304 3595 1513 3669 recurrebant,

332 3705 559 3792 procurantibus
581 3705 726 3789 nobisque
749 3702 983 3787 supplicantibus
1004 3702 1168 3772 Fridcrico
1191 3707 1329 3771 Plebono
1350 3705 1390 3769 dc
1412 3706 1513 3771 Holo-

332 3819 433 3884 brann
450 3821 480 3880 et
496 3814 632 3900 predicte
647 3814 718 3878 ville
734 3816 763 3878 iu
779 3810 1159 3901 Hieromyces-Pictones,
1176 3834 1232 3879 uec
1247 3836 1306 3879 non
1321 3814 1460 3880 uillarum
1482 3815 1513 3878 iu

336 3928 518 4014 Otteodorffi
533 3925 740 4009 Plictcndors
750 3931 780 3990 et
795 3925 825 3987 in
841 3924 939 3996 nriaob
956 3926 1076 4000 incolis,
1101 3925 1216 3990 Placuit
1228 3924 1314 3989 nobis
1331 3943 1513 3990 consecrare

333 4038 495 4122 predictam
514 4035 664 4120 Capellam
680 4035 711 4098 in
733 4034 910 4120 llerczogen
933 4030 1090 4123 Pprbarim
1106 4054 1172 4099 cum
1188 4034 1333 4099 cimiterio
1356 4032 1515 4099 adiacente

334 4150 365 4208 et
381 4144 482 4208 iacere
497 4145 699 4229 predictarum
725 4144 860 4210 villarum
877 4144 983 4211 incolis
1000 4146 1132 4230 graciam
1148 4144 1384 4229 infrascriptam,
1405 4142 1516 4208 rideli-

333 4259 396 4320 cet:
421 4253 505 4337 Quod
524 4254 602 4321 dicta
618 4253 741 4340 Capella
754 4255 784 4317 iu
801 4254 938 4339 Hercaog
951 4253 1107 4340 Pirbarim
1123 4254 1257 4319 ammodo
1273 4257 1419 4338 perpetuo
1435 4251 1516 4317 resi-

333 4366 453 4429 dentem
475 4364 583 4429 babeat
604 4365 809 4438 sacerdotem,
832 4365 927 4448 Quem
949 4363 1096 4430 Plebanus
1118 4364 1155 4428 de
1176 4362 1365 4434 Holabruun,
1387 4361 1436 4447 qui
1458 4381 1515 4446 pro

333 4469 469 4558 tempore
491 4474 590 4546 inierit,
605 4473 667 4539 illic
682 4475 818 4539 instituet
841 4480 872 4540 et
887 4474 1030 4540 destituet
1043 4474 1186 4560 quociens
1200 4472 1311 4537 uiderit
1327 4475 1515 4556 oportunum.

332 4586 429 4668 Ipsam
450 4602 567 4669 quoque
592 4581 742 4668 Capellam
765 4584 968 4668 predictarum
994 4583 1129 4649 villarum
1152 4584 1251 4649 incolo
1274 4580 1515 4668 frequentabunt,

332 4692 382 4778 qui
400 4692 496 4757 eciam
510 4714 567 4759 rua
584 4713 651 4760 cum
663 4678 800 4779 predicto
817 4693 976 4759 sacerdote
989 4692 1117 4758 Plebauo
1133 4694 1162 4757 in
1174 4692 1361 4759 llolabrunne
1375 4698 1515 4776 tanquam
