3242 5350
1262 490 1340 565 213

149 690 203 735 acc
215 690 278 734 non
298 669 446 754 Wyacnto
463 668 504 732 de
517 665 732 751 Bachcrstorf
741 684 892 729 memores
908 663 1096 730 condicionis
1106 664 1243 739 humane,
1251 686 1340 752 quam

147 797 262 860 semper
272 774 572 841 humanacomitatur
583 772 743 855 fragilitas,
756 774 804 838 cui
819 771 857 836 ab
863 773 930 856 ipso
938 773 1000 836 rite
1007 773 1156 858 principio
1162 775 1270 838 mortis
1282 775 1341 837 im-

149 884 256 968 perium
269 883 407 954 donatur,
415 882 560 946 obdiriue
573 879 828 944 remuneracionis
836 881 974 944 intuitum
986 882 1210 965 animarumque
1219 902 1340 946 suarum

148 1011 180 1054 ac
194 991 449 1075 predecessorum
464 1008 586 1054 suorum
603 989 766 1053 remedium
783 991 999 1071 sempiternum
1013 1008 1088 1072 pure
1105 994 1136 1054 et
1151 987 1340 1073 simpliciter,

148 1100 245 1184 quoris
257 1105 350 1183 pacto
365 1119 419 1162 seu
435 1098 613 1163 condicione
629 1102 755 1168 remota,
772 1117 829 1180 pro
845 1115 879 1160 se
892 1102 923 1160 et
938 1097 1003 1160 suis
1016 1096 1179 1161 heredibus
1192 1096 1343 1161 dederuut

147 1225 179 1269 ac
194 1206 382 1270 donaverunt
396 1203 564 1271 honorabili
578 1205 655 1275 riro,
668 1205 786 1268 domiuo
797 1203 963 1290 Stephano
975 1205 1143 1292 Prepesito
1152 1205 1344 1270 Monosterii

147 1315 402 1401 Neandurpensic
425 1319 456 1376 et
471 1313 534 1378 suis
550 1313 782 1377 successorihus
798 1312 959 1385 universis,
976 1332 1011 1375 ac
1028 1312 1213 1377 hlonasterio
1229 1312 1342 1376 Sancte

148 1421 236 1484 llarie
251 1421 366 1484 ibidem
382 1422 432 1487 ius
439 1427 631 1509 patronatus
645 1421 774 1506 Capella
788 1420 824 1483 in
836 1420 955 1484 honore
966 1419 1158 1486 Sanctorum
1169 1418 1341 1485 Bartholo-

148 1529 206 1592 mci
218 1529 362 1615 apostoli
375 1537 407 1594 et
421 1530 540 1593 Sancte
550 1528 657 1593 Maria
666 1528 859 1615 Mapdalcrre
874 1528 1030 1601 dedicate,
1047 1529 1180 1594 ecclesie
1186 1526 1341 1614 parochi·

148 1637 191 1700 ali
219 1637 334 1702 Sancti
355 1637 494 1702 Martini
519 1637 554 1700 in
576 1635 777 1721 Ncunburpa
803 1655 933 1699 naneae
962 1654 1028 1698 cum
1048 1635 1168 1716 juribus
1194 1635 1341 1699 universis

149 1745 326 1817 tenendam,
355 1750 386 1808 et
412 1751 561 1828 perpetuo
589 1741 819 1826 possidendam,
843 1748 934 1825 prout
960 1744 1020 1826 ipsi
1047 1750 1079 1807 et
1105 1742 1343 1828 predecessores

147 1854 277 1935 ipsorum
294 1858 455 1917 tenuerunt
471 1858 501 1916 el
517 1850 722 1936 possiderunt,
740 1850 921 1934 Diodoroque
936 1852 983 1914 ius
1000 1856 1175 1935 patronatus
1190 1853 1221 1914 in
1237 1869 1342 1914 manus

147 1961 314 2025 Reverendi
331 1962 447 2033 Patris,
463 1958 575 2025 domini
590 1958 744 2024 Mauricii
756 1958 888 2024 Abbatis
902 1959 1093 2025 Monastcrii
1105 1960 1223 2025 Sancte
1238 1958 1344 2023 Μανία

147 2068 336 2134 Schotorum
352 2070 387 2134 in
401 2070 538 2153 Wyeaaa
554 2088 589 2131 ac
606 2066 736 2151 predicti
752 2065 863 2129 domini
876 2065 1023 2150 Stephani
1039 2068 1186 2150 prepositi
1202 2065 1343 2149 resigna-

147 2184 226 2248 runt,
250 2178 392 2262 omnique
408 2178 475 2248 iuri,
491 2175 571 2261 quod
588 2177 644 2246 eis,
661 2172 708 2237 rel
727 2194 830 2237 eornm
847 2172 945 2247 alteri,
963 2180 1012 2239 aut
1028 2175 1191 2239 heredibus
1208 2177 1342 2259 ipsorum

148 2284 183 2348 de
197 2286 266 2349 lure
282 2284 331 2346 rel
349 2288 428 2349 lacto
446 2289 550 2368 posset
566 2287 752 2365 competere,
770 2284 987 2346 renunciarent
1003 2303 1158 2366 expresse,
1175 2284 1226 2347 tali
1243 2288 1343 2346 tamen

147 2394 324 2459 condicione
341 2394 469 2474 adjecta,
486 2400 519 2457 at
535 2393 604 2477 ipsc
614 2392 808 2478 prepositus,
826 2390 876 2474 qni
889 2410 944 2474 pro
957 2396 1094 2474 tempore
1104 2393 1210 2463 luerit,
1226 2390 1343 2456 Sacer-

146 2504 247 2567 dotem
262 2503 420 2586 ydoneum
443 2509 474 2566 ct
493 2501 665 2566 unacum
686 2500 721 2562 in
739 2501 872 2584 prefata
889 2500 1021 2585 Capella
1040 2500 1206 2564 instituere
1221 2500 1341 2573 debeat,

146 2610 264 2698 siliqua
278 2610 314 2673 ia
329 2609 520 2677 necessariis
531 2609 714 2696 procidere,
731 2609 776 2670 sic
792 2612 825 2672 ut
840 2609 906 2694 ipsa
922 2605 1044 2692 Capella
1060 2609 1152 2671 missa
1168 2608 1342 2683 cottidiana,

147 2728 232 2800 prout
256 2718 296 2782 ah
317 2719 383 2782 eius
405 2719 586 2782 fundacione
608 2721 655 2780 est
675 2714 810 2779 inolitum
835 2736 893 2780 uon
915 2716 1081 2781 fraudetur.
1098 2718 1171 2781 heta
1194 2723 1262 2781 sunt
1284 2717 1342 2781 hec

147 2830 239 2898 hono,
263 2826 381 2899 hienae,
406 2827 465 2898 die,
490 2826 663 2890 indiccione
679 2824 829 2908 predictis
844 2825 880 2889 in
894 2825 1091 2891 Monasterio
1105 2825 1225 2891 Sancte
1238 2826 1344 2892 Μανία

146 2933 334 3000 Sebotorum
368 2935 403 2999 in
438 2935 569 2999 Wreaaa
600 2932 737 3015 predicto
767 2931 962 3015 presentibus
1000 2933 1226 2998 honorabilibus
1258 2934 1341 3008 siris,

149 3039 279 3104 Dominis
300 3042 469 3113 Mauricio,
492 3040 611 3106 Ablue
632 3039 831 3115 Scbotorum,
855 3041 994 3105 Heariao
1022 3042 1151 3106 Decano
1180 3042 1342 3118 dulmensi,

149 3149 293 3236 Genrnpo
307 3149 409 3213 milite
424 3150 508 3214 dicto
526 3149 619 3218 Chol,
643 3148 778 3212 Domino
802 3149 948 3213 Cristaao
974 3157 1007 3215 et
1021 3151 1155 3216 Domino
1173 3150 1342 3215 Choarado

147 3258 179 3320 in
193 3260 389 3341 Ecammorf
406 3258 494 3322 etin
516 3256 737 3321 Michclstctcn
758 3257 963 3322 ecclesiarum
986 3259 1182 3334 Rectoribus‚
1206 3259 1341 3324 Domino

147 3367 322 3430 Hortnrcno
339 3368 527 3453 presbytero
549 3365 590 3428 dc
610 3364 833 3436 Holabraanu,
859 3364 1016 3452 Mapistro
1032 3366 1189 3443 macone,
1205 3368 1342 3431 Rectorc

147 3476 275 3538 ecclesie
290 3475 324 3538 in
339 3475 473 3548 Nazala,
492 3471 653 3559 Thuriapo
669 3467 932 3558 chrierliapen,
952 3473 1123 3538 Chanrado
1140 3474 1340 3546 Chruancsti,

148 3583 215 3647 Cici
237 3583 434 3665 hibernensi,
461 3582 655 3647 Theodorico
679 3572 764 3644 dicto
788 3580 945 3666 thapbf,
970 3601 1005 3644 ac
1029 3583 1094 3645 aliis
1120 3581 1255 3665 pluribus
1280 3582 1340 3646 lide

147 3689 242 3773 dignis
257 3689 388 3755 testibus
406 3690 442 3753 ad
458 3688 605 3773 premissa
621 3689 736 3752 vocatis
753 3690 868 3772 pariter·
885 3694 916 3751 ct
931 3689 1055 3770 rogatis.

232 3800 270 3862 Et
294 3816 349 3862 uos
371 3797 548 3864 Mauricius
569 3798 633 3862 Dei
644 3796 759 3885 procia
775 3796 873 3861 abduc
886 3798 1075 3862 monasterii
1094 3796 1213 3863 Sancte
1234 3798 1340 3863 Maria

147 3906 338 3981 Scbotonan,
364 3908 398 3971 in
417 3908 566 3992 Wycnna,
590 3905 771 3979 Heinricus,
798 3904 947 3969 Decumas
972 3907 1148 3978 lhlncasrs,
1174 3907 1340 3994 Geruupus

147 4017 246 4081 distros
263 4016 350 4091 Chol,
370 4016 550 4103 lharinpas
570 4016 610 4079 da
624 4010 836 4098 Mricrlinqeu.
855 4010 1042 4077 Chourudas
1058 4012 1249 4078 Cbrunncsti
1267 4035 1338 4098 pre-

148 4122 217 4187 dicti
232 4123 269 4186 ad
287 4122 453 4205 pleniorem
478 4121 566 4184 tidem
583 4125 614 4183 et
630 4121 842 4185 certitudinem
869 4121 1075 4204 predictorum
1092 4122 1222 4187 Presens
1238 4121 1338 4206 publi-

148 4250 211 4294 cum
226 4232 455 4295 instrumentum
471 4230 596 4317 Sipillis
610 4231 728 4294 nostris
744 4230 897 4317 appensis
912 4252 976 4295 arsa
992 4252 1062 4296 cum
1078 4229 1202 4318 Sipillis
1219 4231 1338 4296 Civium

147 4341 357 4425 predictorum
393 4339 542 4403 αίιίαίίααί
579 4339 785 4403 Rcinbotoais
817 4339 1076 4414 Hubcnmairter,
1111 4347 1142 4403 cr
1176 4338 1340 4407 Choaradi

147 4447 335 4532 Sybmhocz,
350 4470 410 4512 acc
424 4469 487 4511 noa
502 4447 607 4534 sipillo
626 4446 821 4531 Wpsentonis
838 4447 985 4532 predicti
1004 4447 1130 4512 lecimus
1151 4447 1337 4510 communiri.

234 4555 271 4620 Et
292 4575 352 4638 ego
372 4557 535 4641 Nycoluus
560 4556 601 4620 dc
625 4554 799 4641 Kempnica
826 4551 964 4619 Clericus
990 4554 1158 4640 llysnensis
1186 4555 1337 4637 dyocesis,

146 4663 280 4748 publicus
296 4665 475 4730 auctoritate
488 4664 654 4750 apostolica
665 4663 816 4738 Notarius,
829 4664 974 4731 Omnibus
990 4674 1022 4733 et
1036 4665 1163 4751 singulis
1179 4666 1337 4750 predictis,
