3242 5350
1251 527 1299 596 ot

135 709 226 771 tinem
241 724 379 787 gecueug
403 705 461 769 ind
483 724 520 768 nu
542 705 623 768 einer
644 707 741 768 steten
761 708 909 785 vestnung
926 702 1028 767 dieser
1048 702 1139 766 seche
1160 701 1303 784 versigelt

134 816 183 878 mit
196 814 325 879 meinem
344 812 456 895 insigel
473 813 531 877 rod
546 811 586 876 ist
602 812 656 876 der
670 812 753 897 priei
764 811 902 895 gegeben
917 833 956 876 zu
970 811 1072 875 wiern
1089 830 1125 873 en
1141 808 1207 873 dem
1219 808 1304 872 echt-

133 923 226 987 unden
252 930 307 1006 teg
328 919 403 988 ueeh
425 919 549 992 ostem,
574 920 612 985 de
634 940 691 984 ron
715 920 845 985 ebrietes
867 917 996 1000 geberic
1020 937 1121 981 weren
1150 936 1303 1001 ergengen

133 1033 264 1094 'l'eusent
287 1032 349 1102 ier,
367 1027 568 1094 dreuhunderi
582 1029 627 1093 ier
641 1028 671 1090 in
688 1027 754 1091 dem
771 1035 872 1092 ersten
889 1027 934 1091 ier
949 1025 1090 1090 demach.

187 1171 561 1226 orig.eerg.(uep.vo.1tr.tr.
580 1171 618 1210 iol.
636 1170 687 1226 ¹79)
708 1170 746 1210 und
766 1170 856 1210 minut.
876 1169 958 1209 tretici
974 1168 1136 1213 titionem.
1154 1169 1195 1209 Du
1209 1167 1304 1207 sisinn

132 1246 340 1299 eng-ammira
359 1246 465 1298 eumue
486 1244 554 1296 siegel
572 1244 601 1284 ist
615 1242 648 1284 bei
668 1242 801 1283 wienorne
820 1242 907 1284 Collect-
925 1255 946 1292 p.
960 1242 1000 1281 26⁸
1017 1241 1148 1294 stabilest,
1167 1253 1204 1280 nr
1217 1241 1245 1280 ist
1258 1240 1305 1279 tort

130 1324 177 1358 stutt
192 1319 231 1358 dee
246 1318 360 1358 lleiunuer
373 1317 474 1357 eunom
488 1316 521 1357 eis
534 1318 594 1357 bove
608 1316 738 1368 dugestellt.

203 1426 286 1479 Diese
305 1423 427 1479 Urkunde
445 1424 516 1493 zeigt
533 1423 610 1484 euch,
629 1421 689 1476 dees
707 1420 732 1474 in
746 1421 793 1476 der
805 1422 888 1475 Reilie
906 1421 952 1473 der
971 1418 1195 1475 Lendmersehdlle
1214 1419 1306 1473 Steien

131 1534 178 1569 ron
203 1517 320 1570 meissen
346 1516 393 1569 eui
414 1516 523 1569 Hermen
549 1531 597 1567 uon
617 1513 786 1584 Leudeuloerg
804 1512 886 1583 iolgt,
912 1512 983 1565 nicht
1005 1512 1056 1565 ihm
1082 1510 1239 1580 rorsngeht,
1260 1510 1305 1562 wie

132 1606 306 1661 wurmbrend
325 1605 502 1677 peginam,
525 1604 578 1659 und
601 1603 716 1659 Bernnrd
743 1602 864 1658 Walther
888 1601 1048 1657 consuetud.
1067 1603 1153 1655 nostr.
1176 1617 1237 1671 pag.
1254 1599 1306 1653 too

130 1692 258 1768 angelico.

660 1900 781 1973 LXXV.

136 2055 407 2129 Vieilnliombeseosd
424 2055 546 2110 dercon
565 2055 688 2128 Bicoltof
704 2055 839 2111 Berncrd
856 2072 911 2111 oon
929 2056 1036 2109 Pcsenu
1054 2056 1212 2108 nnunnleu
1235 2052 1306 2107 Vici·

665 2150 786 2202 tctoreo.
829 2164 834 2173 ·

501 2293 561 2349 Det.
580 2292 711 2349 Klortern.
728 2292 774 2349 26.
792 2291 844 2348 itai
861 2291 941 2346 1301.

221 2441 254 2503 ln
280 2441 397 2503 nomine
419 2440 544 2503 Domini.
571 2441 673 2503 Amen.
694 2438 756 2503 Nos
780 2439 987 2505 Cdrietcnnos
1001 2439 1056 2503 dei
1072 2439 1184 2524 precio
1208 2438 1310 2501 Abduc

134 2552 218 2616 velte
233 2551 430 2636 angelorum,
444 2547 609 2612 Elloordus
624 2548 658 2611 iro
673 2555 783 2613 sanem
798 2549 918 2635 ypolito
934 2556 964 2612 et
978 2548 1135 2612 Ainwieus
1154 2547 1187 2610 in
1202 2552 1310 2609 cuncto

131 2658 269 2742 (lomene
285 2657 488 2723 ecclesiarum
502 2657 666 2744 prepositi,
684 2662 714 2721 el
732 2658 883 2722 Gerleeus
897 2657 1054 2743 plebanus
1069 2657 1110 2720 de
1129 2653 1308 2720 &eschiri-

134 2768 229 2839 clero,
252 2767 373 2849 inclyte
392 2765 600 2829 Rornanorum
620 2766 729 2852 regine
751 2767 940 2852 capellanus
965 2787 987 2830 o
1009 2763 1190 2829 Reverendo
1212 2769 1310 2848 putre

136 2876 261 2940 domim
277 2875 393 2939 Nostro
413 2872 577 2939 Wemltero
595 2875 767 2940 venerabili
780 2874 964 2939 Pataciensi
984 2874 1129 2961 episcopo
1145 2872 1189 2936 ad
1208 2871 1311 2935 monio

137 2984 329 3048 mmueteria
349 2988 525 3046 eandorem
547 2983 711 3047 Benedicti
730 2989 761 3048 et
775 2982 942 3069 Augustini
961 2983 1103 3047 ordimur
1125 2982 1211 3066 infre
1226 2981 1311 3043 Ano-

138 3113 202 3156 sum
217 3093 390 3155 cornetitsttc
404 3090 524 3176 sibique
537 3090 675 3155 mdiectc
690 3092 866 3156 Pctoiensis
885 3092 1017 3156 diocesis
1034 3091 1068 3154 in
1085 3088 1187 3176 officio
1207 3087 1312 3172 inqui-

138 3200 266 3264 rieioois
277 3221 331 3264 seo
342 3198 536 3264 cisdccimds
548 3199 724 3265 literatorie
734 3199 886 3264 destinati
899 3198 1008 3261 nodos
1024 3197 1109 3260 nobis
1125 3194 1212 3281 plenu
1229 3215 1311 3257 men·

140 3309 207 3371 dato
224 3315 257 3370 et
272 3307 449 3370 auctoritate
465 3307 583 3386 integre
598 3305 800 3379 reformandi,
816 3306 1001 3387 corrigendi,
1018 3304 1203 3388 deponendi,
1227 3303 1312 3365 insti-

140 3415 240 3479 tuendi
252 3422 283 3479 et
295 3412 477 3482 destituendi
490 3420 521 3478 et
531 3415 712 3497 generaliter
728 3413 824 3478 omnia
840 3412 977 3486 faciendi,
994 3433 1051 3498 que
1066 3433 1121 3498 pro
1138 3411 1214 3477 bono
1236 3394 1312 3474 stetu

140 3523 334 3587 ecclesienum
351 3521 550 3606 predictarum
574 3529 605 3586 et
621 3542 815 3607 personarum
837 3522 993 3587 statuenda
1008 3522 1177 3587 rideremus
1200 3520 1314 3583 iniunc-

140 3635 199 3695 tum
214 3630 304 3694 nobis
324 3630 529 3713 inquisicionis
549 3630 936 3695 ministerium'reuerenter
957 3635 1138 3714 exequentes
1154 3627 1190 3691 od
1211 3626 1313 3690 eccle·

141 3740 213 3801 siem
234 3741 369 3802 uenimus
392 3736 687 3821 Newnburgensem,
713 3739 826 3804 vocetis
849 3740 950 3823 itaque
966 3741 1040 3804 ieris
1060 3739 1161 3823 quinte
1182 3736 1314 3820 proximo

144 3851 211 3930 post
226 3848 337 3909 festum
351 3847 545 3912 Pentecostes
561 3847 726 3933 Proposito,
744 3847 859 3911 deceno
875 3854 906 3911 et
927 3853 1073 3913 conventu
1087 3844 1314 3926 Newnburgen·

145 3955 184 4017 eis
199 3954 334 4019 ecclesie
356 3954 492 4036 predicte
516 3954 553 4019 ed
573 3963 701 4020 nostrum
718 3957 904 4040 presenciam
925 3963 956 4020 et
970 3950 1314 4037 eisdem‘eppurentihus

148 4081 245 4125 eorem
263 4061 350 4124 nobie
367 4063 444 4125 lecte
460 4063 534 4146 ipsis
551 4065 677 4148 primum
693 4065 907 4129 iurisdictionis
922 4069 1024 4128 nostre
1040 4062 1124 4147 copie
1137 4062 1173 4125 eb
1189 4060 1262 4144 ipsis
1278 4060 1315 4122 de

145 4170 271 4234 dicenda
287 4169 373 4233 nobis
388 4172 513 4236 venitote
529 4193 621 4257 super
636 4178 788 4238 totostoto
805 4173 936 4239 ecclesie
953 4193 1007 4237 sue
1024 4171 1159 4255 predicte
1175 4191 1210 4233 oc
1226 4188 1316 4252 super

145 4279 278 4349 insumis,
295 4299 353 4363 qne
370 4278 503 4344 dominus
523 4279 687 4345 lledmerus
708 4281 773 4345 loco
795 4281 873 4345 illius
889 4281 1058 4366 prepositus
1082 4283 1199 4343 uolatus
1219 4278 1317 4341 fueret

147 4394 213 4470 eput
234 4387 332 4450 bonos
353 4387 506 4470 exegimus
529 4394 559 4452 et
584 4389 755 4474 recepimus
779 4409 795 4452 e
817 4389 952 4473 quolibet
972 4390 1003 4452 in
1025 4389 1129 4471 speeie
1150 4384 1314 4450 iuramenti.

147 4494 290 4559 Prodictis
302 4497 401 4581 iteque
412 4499 576 4580 preposito,
590 4498 702 4562 deceno
715 4503 746 4563 et
757 4503 911 4570 conventu,
924 4495 1072 4581 sigillatim
1085 4502 1116 4559 et
1127 4496 1155 4558 in
1168 4515 1202 4558 se
1210 4498 1316 4578 questo

149 4603 307 4668 seeundum
323 4605 446 4668 formum
462 4605 537 4669 iuris
554 4606 675 4679 auditis,
693 4612 724 4670 et
739 4607 827 4671 dictis
844 4626 943 4672 eorum
959 4607 990 4669 in
1006 4605 1118 4688 scripto
1133 4602 1264 4666 redactis
1286 4607 1317 4664 et

151 4710 307 4794 diligenter
322 4713 494 4777 examinetis
511 4719 572 4777 tum
587 4735 623 4779 ex
639 4713 882 4800 deposicionilons
897 4713 1058 4779 eorundem
1074 4718 1134 4776 tum
1151 4732 1186 4775 ex
1204 4710 1316 4774 notorie

1062 4819 1078 4870 5
1089 4818 1103 4845 ·
