3242 5350
1237 514 1312 587 ool

136 712 235 758 avene
251 690 385 757 arbitrati
401 698 483 766 sunt,
502 693 580 780 qnod
597 692 731 777 prelatus
748 694 776 758 d.
795 694 965 780 prepositus
981 699 1012 758 et
1028 692 1197 757 Conventus
1216 690 1317 754 Mona·

135 803 226 867 sterii
243 802 369 887 predicti
392 822 427 866 ae
444 803 576 887 ipsorum
599 823 810 876 successores.
836 804 885 890 qui
901 823 956 887 pro
972 808 1109 887 tempore
1125 806 1227 878 erunt,
1255 800 1318 864 sin·

135 911 219 995 gulis
237 912 320 975 annis
344 911 462 977 solvere
484 916 639 984 tenentur,
663 918 752 997 prout
775 934 791 976 a
815 913 975 978 retroactis
996 910 1180 998 temporibus
1201 911 1318 975 solvere

136 1026 368 1087 consvewerunt
384 1020 473 1084 XXXI
489 1027 575 1085 metr.
592 1020 747 1106 utriusque
763 1025 859 1105 grani,
875 1026 937 1087 tam
953 1022 1091 1106 siliginis,
1107 1040 1193 1107 quam
1209 1039 1314 1084 arene.

135 1131 240 1216 Super
256 1151 291 1196 eo
308 1149 391 1202 vero,
408 1129 457 1194 rbi
473 1129 502 1194 d.
520 1129 692 1216 prepositus
709 1132 783 1196 dixit
797 1153 832 1196 se
848 1131 975 1197 solvisse
991 1131 1129 1214 neglecta
1145 1129 1215 1197 dicti
1232 1129 1317 1214 grani

137 1248 170 1305 et
185 1243 251 1324 ipse
264 1240 396 1304 Kiliaous
408 1239 490 1313 dixit,
507 1240 585 1325 quod
598 1259 656 1303 non
668 1239 802 1314 solverit,
820 1241 1091 1326 pronunciaverunt
1102 1241 1157 1304 sie.
1174 1239 1209 1303 Si
1222 1238 1318 1302 domi·

136 1371 193 1414 uus
211 1350 343 1414 liilianus
367 1354 470 1433 posset
494 1349 628 1432 legitime
648 1349 774 1424 docere,
803 1351 880 1435 quod
907 1370 923 1413 a
951 1349 1133 1434 temporibus
1161 1348 1318 1413 retroactis

136 1460 241 1525 XXXll
259 1465 341 1523 metr.
360 1458 432 1523 dicti
448 1459 534 1540 grani
550 1460 610 1524 sint
625 1458 683 1522 sibi
700 1463 731 1523 et
747 1458 991 1524 antecessoribus
1007 1460 1070 1524 suis
1090 1457 1216 1540 singulis
1232 1458 1317 1521 annis

138 1569 291 1653 persolute
306 1569 427 1632 racione
444 1587 553 1632 census
569 1568 714 1651 predicti,
738 1589 774 1632 ex
789 1574 861 1633 tunc
878 1567 976 1633 dietus
992 1568 1128 1633 dominus
1147 1568 1318 1651 prepositus

138 1681 264 1763 eiusque
287 1676 455 1741 Conventus
479 1682 511 1742 et
534 1678 664 1761 ipsorum
688 1697 883 1743 successores
904 1680 997 1741 totum
1021 1677 1139 1740 solvere
1165 1675 1318 1740 debebunt

138 1807 262 1851 unacum
289 1785 453 1870 neglectis,
481 1788 526 1850 sin
553 1792 731 1850 autemnon
759 1786 897 1851 docuerit
917 1792 987 1851 tnnc
1008 1784 1207 1851 tantummodo
1223 1786 1319 1850 solvat

140 1895 229 1960 XXXl
244 1900 329 1959 metr.
347 1897 499 1982 utriusque
515 1895 611 1979 grani,
629 1902 659 1961 rt
671 1917 762 1980 supra
775 1902 823 1960 est
834 1915 1016 1981 expressum.
1035 1895 1134 1981 Super
1146 1896 1234 1959 XXX.
1247 1894 1316 1963 den.

140 2005 306 2069 reddituum
323 2005 405 2070 dicte
432 2002 541 2069 usualis
568 2010 703 2078 monete,
727 2026 801 2092 quos
826 2005 925 2072 dictus
947 2006 1082 2071 dominus
1104 2005 1235 2069 Kilianus
1257 2003 1315 2068 sibi

139 2115 248 2178 asserit
275 2113 450 2189 solvendos,
477 2115 611 2181 arbitrati
636 2120 704 2179 sunt
729 2115 838 2189 taliter,
865 2116 944 2201 qood
960 2117 1026 2201 ipse
1042 2115 1175 2180 Kilianus
1199 2120 1318 2180 tenetur

139 2223 275 2287 similiter
292 2243 346 2307 per
361 2221 494 2307 legitima
511 2223 686 2289 documenta
703 2223 815 2288 docere
832 2225 869 2290 de
887 2224 1010 2289 eisdem.
1033 2223 1141 2289 Vltimo
1158 2244 1315 2308 expresse·

136 2338 203 2395 runt
216 2336 248 2396 et
261 2332 531 2416 pronunciaverunt
546 2354 637 2419 super
650 2333 738 2399 Curia
752 2336 807 2398 sita
821 2337 848 2399 iu
862 2333 930 2398 villa
941 2334 1085 2420 pirpawm
1099 2353 1185 2420 quam
1198 2332 1316 2397 Curiam

137 2442 270 2524 prelatus
299 2441 476 2506 uenerabilis
503 2445 674 2528 prepositus
701 2465 834 2528 suusque
856 2442 1026 2508 Conventus
1049 2445 1080 2507 in
1103 2443 1166 2508 suis
1189 2441 1316 2507 edificiis

137 2551 231 2614 ruitur
248 2558 418 2614 restaurare
435 2552 546 2616 debent
564 2562 594 2618 et
610 2553 786 2618 reedificare
802 2552 878 2617 inira
896 2553 1029 2638 spacium
1051 2554 1135 2619 vuius
1152 2555 1230 2617 anni.
1255 2552 1316 2615 llec

134 2661 230 2724 omnia
245 2665 275 2723 et
291 2661 407 2742 singula
428 2659 639 2741 laudaverunt,
663 2662 933 2750 pronunciaverunt
957 2670 987 2729 et
1008 2663 1219 2731 mandaverunt
1241 2660 1316 2734 lieri,

135 2769 289 2835 observari
306 2777 337 2835 et
352 2769 507 2855 adimpleri
531 2772 586 2837 sub
610 2795 685 2858 pena
710 2775 847 2858 superius
869 2775 899 2837 in
917 2774 1129 2858 compromisso
1146 2776 1317 2856 cupresseto

135 2881 163 2943 iu
178 2878 305 2962 siugulis
330 2879 397 2945 talis
413 2879 492 2946 laudi
511 2888 541 2946 et
562 2885 767 2969 compromissi
785 2883 908 2969 positis,
936 2885 963 2949 si
983 2885 1196 2948 contrafactum
1214 2881 1314 2951 suerit,

135 2989 336 3054 committend.
366 2988 448 3054 salvo
477 2993 542 3055 iure
557 2991 727 3056 arbitrantis
749 3000 780 3056 et
801 2997 949 3076 potestate
966 2990 1136 3058 declarandi
1158 2990 1317 3054 reservatis

136 3118 226 3183 super
251 3097 405 3182 predictis,
427 3099 594 3185 ubicunque
618 3110 648 3166 et
671 3102 915 3187 quociescumque
932 3107 961 3165 et
977 3101 1210 3187 quandocunque
1228 3099 1317 3163 luerit

139 3212 343 3293 opportunum.
369 3209 468 3294 Super
493 3210 599 3296 quibus
627 3211 761 3275 omnibus
790 3216 820 3274 et
847 3211 973 3293 singulis
1001 3210 1109 3296 prelati
1132 3208 1237 3273 arbitri
1261 3228 1315 3270 seu

140 3316 333 3381 arbitratores
359 3318 517 3400 pecierunt
547 3340 563 3383 a
594 3340 640 3383 me
668 3319 787 3383 Notario
816 3319 985 3406 subscripto
1011 3320 1075 3384 lieri
1102 3320 1160 3383 hoe
1189 3337 1315 3402 presens

137 3425 286 3510 publicum
304 3428 529 3491 instrumentum
552 3428 661 3512 sigillis
684 3430 816 3513 ipsorum
840 3432 1022 3515 appensione
1038 3429 1217 3494 roboratum.
1242 3427 1315 3491 Aeta

136 3540 205 3600 sunt
221 3536 278 3600 hec
301 3536 432 3621 Wyennc
448 3544 543 3622 patav.
561 3538 639 3604 dioc.
657 3537 793 3623 predicte
808 3539 901 3612 Anno,
919 3538 1011 3604 lndie.
1028 3540 1149 3609 Mense,
1167 3535 1227 3608 dio,
1242 3535 1315 3599 hora

136 3649 166 3708 et
181 3644 287 3729 pontii.
301 3644 407 3729 quibus
424 3667 514 3730 snpra
531 3648 564 3712 in
580 3650 669 3713 domo
686 3648 897 3713 habitacionis
907 3650 1032 3735 prefati
1045 3647 1238 3714 honorabilis
1253 3646 1317 3710 viri

135 3755 254 3819 domini
268 3755 423 3820 Jodonoia
438 3758 478 3822 de
492 3758 626 3846 Perpow
642 3758 798 3844 officialis
812 3759 955 3845 predicti
964 3760 1166 3846 presentibus
1182 3757 1316 3823 dominic

135 3866 288 3952 Magistro
303 3866 436 3932 Nicoleo
446 3869 584 3955 plebano
601 3869 634 3933 in
651 3870 790 3956 Apatorf,
808 3869 940 3934 Nicoloo
954 3870 1094 3941 Steiner,
1118 3870 1185 3933 eive
1206 3869 1313 3952 Wpcn-

135 3976 227 4039 aenei
255 3974 442 4040 Lcoolseudo
469 3977 539 4041 Not.
567 3980 692 4064 prrdlieo
719 3984 815 4063 patav.
845 3976 922 4040 dioc.
950 3977 1076 4042 testibus
1104 3975 1140 4040 ad
1168 3976 1315 4059 premissa

136 4085 248 4147 necatis
265 4084 378 4168 pariter
394 4089 425 4147 et
441 4088 563 4169 rogatis.

224 4191 262 4255 Et
299 4212 356 4275 ego
388 4193 564 4265 Jolrnnnee,
602 4194 756 4261 Jolnonnie
787 4198 827 4262 de
858 4198 985 4268 Peleo..
1020 4196 1122 4259 cleric.
1153 4194 1314 4276 Pragensis

137 4300 214 4366 dioc.
234 4307 292 4366 etc.

214 4478 271 4529 linig.
283 4479 342 4531 Perg.
355 4480 397 4520 Dar
413 4481 563 4532 ersteolslonge
579 4482 649 4534 siege!
668 4484 780 4534 ingrirnem
791 4484 973 4523 Woelrseistrwar
991 4483 1117 4534 eligerissem
1137 4481 1314 4531 jedoelnerlmlten

134 4553 171 4589 und
184 4552 304 4591 erlennbrr.
320 4553 375 4591 ose·
390 4553 491 4593 erscneint
506 4556 541 4596 der
560 4555 646 4596 Biechol
666 4557 692 4596 im
707 4557 920 4609 Pontificalgewande,
937 4558 968 4596 bie
991 4570 1026 4596 zur
1049 4558 1121 4601 Ernst,
1136 4556 1224 4595 welches·
1240 4555 1259 4594 io
1276 4554 1312 4593 der

132 4626 215 4664 rrelrter
226 4624 280 4663 nana
291 4624 321 4664 ein
331 4629 404 4667 odrae·
414 4628 476 4673 Burin,
487 4629 505 4667 in
516 4629 552 4667 der
561 4628 628 4669 lintea
639 4630 676 4669 den
688 4630 804 4670 llirtenstnb
815 4631 865 4670 lrilt.
882 4631 982 4670 Durunter
991 4632 1022 4670 ein
1030 4629 1149 4674 aosteelrter,
1159 4630 1194 4669 mit
1203 4629 1246 4667 dem
1257 4629 1315 4669 Barla

132 4699 180 4736 nach
204 4698 292 4738 noviers
313 4701 423 4750 gelehrter
447 4702 550 4742 Schlisoel
579 4702 604 4742 im
622 4703 751 4754 dreiecligen
774 4705 864 4745 Selailde.
889 4688 1306 4746 Umochriozo.10no1to18.'n’c‘0fflat.

137 4756 205 4810 ῖεῖε
215 4798 221 4809 .
233 4772 257 4810 m
268 4799 273 4810 .
284 4774 401 4813 cumcun.
418 4775 457 4814 u..
468 4776 539 4814 mm
550 4776 620 4826 suga
629 4776 655 4815 nn
665 4777 750 4829 ourong,
765 4778 783 4818 n
794 4779 870 4818 rorum
881 4780 975 4827 uacare,
991 4792 1014 4819 m
1026 4779 1089 4820 errem
1104 4777 1314 4831 corgenon-uerna.
