3242 5350
270 460 347 532 200

264 644 352 721 prout
368 635 514 698 hactenus
531 640 761 697 consueverunt.
780 632 865 715 Quod
879 632 935 696 hec
949 631 1093 695 diffinieio
1104 631 1255 715 prohibet,
1274 630 1463 701 ncJobanni,

264 745 350 807 tratri
363 742 510 827 prepositi
523 741 802 805 administraciones
816 745 847 804 et
859 740 955 804 officia
970 741 1202 812 committantur,
1218 760 1324 824 equum
1342 748 1461 822 reputo.

265 852 337 917 Nam
353 853 416 916 iura
430 856 616 936 presumunt,
632 872 683 913 res
699 850 830 915 ecclesie
841 849 903 913 ledi
915 869 972 932 per
987 855 1133 932 cognatos
1150 855 1181 912 et
1195 849 1346 933 proximos
1358 848 1459 931 prela·

265 971 372 1027 torum.
397 963 469 1025 ltem
491 959 570 1045 qnod
593 958 733 1042 probibet
757 958 885 1020 eundem
910 957 1075 1022 lohannem
1097 962 1127 1019 et
1149 978 1269 1021 vxorem
1291 977 1374 1020 snam
1392 978 1459 1021 eum

264 1070 419 1155 preposito
436 1069 492 1133 suh
509 1064 650 1151 expensis
666 1068 813 1151 prepositi
830 1067 970 1130 continue
986 1068 1174 1138 commorari,
1196 1065 1335 1129 similiter
1350 1086 1460 1149 equum

266 1184 393 1263 reputo,
418 1179 485 1264 quia
502 1177 533 1240 id
549 1182 633 1240 esset
644 1176 830 1239 hlonasterio
842 1195 1015 1246 onerosum,
1033 1175 1160 1238 maxime
1173 1194 1240 1237 cum
1253 1173 1332 1236 idem
1344 1172 1461 1237 Johan·

268 1309 322 1351 nes
338 1287 424 1350 miles
441 1286 525 1349 dives
542 1288 573 1348 et
588 1286 732 1348 honestus
751 1284 790 1347 de
805 1284 938 1367 propriis
955 1282 1147 1347 facultatibus
1169 1282 1229 1346 sibi
1245 1288 1276 1346 et
1291 1284 1356 1346 suis
1373 1281 1460 1346 suiti-

268 1415 340 1459 cere
366 1395 550 1458 dinoscatur.
579 1391 665 1474 Quod
694 1398 792 1456 autem
821 1392 902 1454 idem
925 1390 1079 1454 lohannes
1103 1390 1140 1454 ab
1164 1390 1300 1454 omnibus
1325 1390 1463 1471 negociis

269 1503 445 1568 hlonasterii
466 1501 600 1565 abintus
622 1504 654 1563 et
675 1498 711 1562 ab
736 1506 819 1564 extra
840 1499 972 1564 totaliter
995 1498 1178 1570 excludatur,
1196 1500 1326 1583 iniquum
1342 1506 1462 1583 reputo,

269 1617 300 1675 et
314 1611 392 1674 hanc
408 1614 521 1692 partem
535 1606 727 1671 diffinicionis
739 1607 878 1691 predicte
894 1626 1002 1670 revoco
1018 1611 1107 1691 atque
1118 1606 1202 1670 tollo.
1219 1607 1294 1670 Nam
1310 1607 1374 1670 iura
1390 1628 1464 1691 pre-

269 1723 397 1790 sumunt,
413 1737 475 1788 res,
491 1717 578 1779 fedus
603 1720 635 1779 et
650 1715 804 1797 sanguinis
829 1717 1002 1779 connexitas
1019 1715 1098 1778 inter
1113 1716 1224 1778 iratres
1241 1721 1414 1798 operantur,
1430 1722 1464 1778 rt

268 1825 386 1889 fidelius
403 1823 516 1888 ceteris
531 1826 632 1885 mutuo
648 1842 683 1885 se
699 1821 840 1885 adiuvent
855 1842 889 1885 ac
906 1821 964 1884 sibi
980 1821 1183 1886 confidencius
1209 1844 1244 1886 se
1260 1829 1291 1888 et
1306 1844 1360 1887 sua
1377 1844 1461 1887 com-

266 1935 391 1998 mittant.
408 1931 513 1995 Potest
528 1931 621 2011 igitur
636 1930 808 2014 prepositus
826 1929 962 2002 consilio,
979 1930 1096 2001 auxilio,
1112 1932 1214 1994 lavore
1231 1938 1262 1995 et
1278 1951 1371 2016 opera
1388 1931 1463 1995 dieti

265 2043 311 2106 sui
323 2042 426 2105 fratris
439 2043 468 2103 iu
483 2039 617 2121 negociis
638 2041 745 2101 suiset
760 2038 891 2102 ecclesie
908 2060 962 2102 sne
978 2040 1030 2115 vti,
1044 2060 1111 2103 cum
1127 2040 1236 2104 viderit
1252 2047 1462 2124 opportunum,

265 2156 297 2214 et
315 2150 442 2214 maxime
464 2151 494 2212 in
512 2146 700 2211 secularibus
724 2150 872 2229 negociis,
900 2148 1018 2211 iudiciis
1039 2154 1070 2211 et
1089 2148 1278 2223 tractatibus,
1300 2151 1330 2212 in
1354 2149 1463 2236 quibus

267 2259 335 2322 laici
352 2257 484 2322 clericos
502 2262 533 2320 et
548 2256 710 2338 religiosos
727 2256 905 2336 sagacitate,
922 2256 1068 2320 industria
1085 2263 1115 2319 et
1132 2259 1320 2341 experiencia
1337 2259 1464 2342 precel-

268 2367 332 2432 lere
348 2372 578 2431 consueverunt.
602 2364 666 2428 Nec
689 2369 737 2428 est
760 2364 912 2436 absonum,
935 2365 961 2428 si
978 2386 1034 2446 pro
1050 2364 1204 2430 laboribus
1220 2373 1251 2430 et
1264 2370 1382 2432 meritis
1397 2372 1463 2433 suis

267 2495 432 2558 congruum
454 2477 591 2558 reportet
613 2473 812 2557 stipendium,
836 2493 903 2536 cum
925 2474 962 2546 is,
987 2474 1036 2557 qui
1059 2473 1097 2538 nd
1114 2494 1189 2538 onus
1205 2476 1337 2558 eligitur,
1354 2479 1464 2562 repelli

266 2605 323 2647 non
340 2582 450 2646 debeat
466 2603 482 2644 a
498 2582 649 2646 mercede.
666 2582 776 2644 Tereia
795 2581 941 2645 diffinieio
959 2581 1050 2645 dicit:
1075 2583 1317 2668 Delinqueutium
1336 2587 1462 2650 fratrum

268 2702 298 2760 et
325 2713 462 2758 sororum
490 2713 631 2756 excessus
658 2694 688 2755 in
711 2691 844 2777 capitulo
866 2693 948 2760 iuxta
977 2693 1101 2756 fratrum
1124 2693 1282 2757 consilium
1310 2697 1462 2777 condigna

268 2804 437 2890 penitencia
460 2800 574 2864 debere
599 2801 697 2883 puniri
713 2835 758 2847 -
774 2820 845 2883 pars
872 2800 959 2863 huius
987 2798 1179 2865 diffinicionis
1201 2803 1275 2866 satis
1302 2825 1377 2890 equa
1403 2812 1462 2878 est,

267 2931 431 2995 congruum
456 2908 602 2993 siquidem
628 2913 690 2979 est,
722 2908 847 2971 fratrum
872 2909 1029 2972 consilinm
1050 2911 1207 2992 requirere
1235 2917 1266 2975 et
1289 2911 1402 2977 habere
1430 2921 1464 2976 et

266 3021 363 3104 sequi.
390 3018 501 3099 Quarta
518 3017 662 3080 diltinieio
680 3015 765 3086 dicit,
783 3017 863 3099 quod
880 3017 1056 3100 Propositus
1077 3018 1186 3082 fratres
1206 3019 1289 3103 ipsos
1305 3025 1355 3083 aut
1370 3019 1464 3105 Capi-

266 3128 358 3191 tulum
376 3128 407 3190 in
425 3125 544 3209 oblagia
561 3147 624 3197 sua,
641 3144 728 3209 quam
746 3126 883 3189 dominus
899 3127 1069 3210 Episcopus
1085 3127 1232 3211 approbat
1247 3133 1279 3191 et
1294 3130 1463 3206 coufirmat,

267 3235 346 3300 nulla
363 3235 485 3299 racione
501 3234 597 3318 possit
613 3238 663 3298 aut
679 3233 789 3298 debeat
805 3233 960 3318 impedire.
983 3235 1028 3298 Ex
1050 3235 1107 3299 hac
1123 3236 1306 3300 diffinicione
1323 3241 1464 3321 proprie-

266 3345 335 3410 tatis
352 3344 507 3408 abdiaacio
523 3348 693 3416 enervatur,
710 3344 826 3426 Regale
849 3366 874 3408 s.
892 3346 968 3426 bug.
987 3343 1165 3417 detrahitur,
1190 3352 1221 3409 et
1242 3347 1340 3410 multis
1357 3347 1463 3411 abusi·

267 3453 372 3519 onibus
394 3453 482 3516 datur
501 3454 626 3516 materia
651 3457 682 3515 et
703 3454 874 3517 fomentum.
899 3452 945 3516 Ne
961 3452 1056 3534 igitur
1071 3453 1246 3538 Prepositus
1269 3455 1462 3538 impediatur,

266 3564 422 3649 quominus
445 3561 556 3633 rideat,
579 3560 650 3646 quid
675 3560 820 3625 debonis
843 3561 901 3625 illis
924 3566 1032 3643 agatur
1054 3565 1144 3625 etan
1168 3562 1269 3627 debite
1286 3570 1317 3629 et
1332 3565 1463 3631 honeste

267 3670 481 3755 expendantur,
509 3669 647 3732 raciones
676 3668 786 3739 audiat,
814 3668 973 3733 officialem
1002 3690 1093 3753 super
1118 3670 1180 3744 illa,
1204 3672 1284 3736 sicut
1309 3678 1341 3736 et
1368 3695 1463 3758 super

266 3783 367 3843 cetera
384 3777 460 3841 bona
477 3777 650 3840 monasterii
657 3778 828 3848 constituat,
845 3783 876 3840 et
891 3778 1042 3841 residuum
1059 3781 1088 3842 in
1105 3781 1294 3844 necessarios
1304 3786 1355 3845 ant
1371 3782 1462 3847 utiles

267 3907 337 3951 rsus
362 3885 521 3969 expendet,
544 3884 759 3949 diffinicionem
782 3883 856 3949 tollo
878 3890 908 3948 et
925 3906 1033 3950 revoco
1049 3893 1245 3971 prenotatam.
1264 3888 1374 3953 Verum
1391 3892 1463 3975 quia

266 3994 403 4059 dominus
414 3994 581 4077 Episcopus
597 3994 634 4058 ad
650 3992 874 4057 ohserraneiam
891 3995 1091 4076 predictarum
1103 3996 1234 4077 Quatuor
1246 3997 1462 4066 diffinicionum

266 4103 491 4166 ordinacionum
506 4123 561 4166 seu
578 4105 755 4166 statutorum
780 4103 956 4166 constrinxit
976 4104 1164 4186 sepedictum
1188 4108 1386 4190 prepositum,
1404 4110 1462 4173 snb

266 4230 343 4296 pena
359 4209 482 4274 multum
495 4210 591 4292 gravi,
608 4209 750 4274 videlicet
763 4211 945 4294 privacionis
957 4214 1159 4294 prepositure,
1173 4234 1211 4277 ne
1223 4215 1266 4277 illi
1278 4236 1335 4299 per
1351 4216 1462 4282 huius-

266 4321 346 4384 modi
364 4338 472 4403 penam
489 4318 582 4383 libera
599 4318 726 4401 regendi
740 4318 933 4382 subtrahatur
947 4323 1083 4402 potestas
1101 4325 1132 4384 et
1152 4321 1280 4387 subditis
1304 4334 1462 4390 remaneat

266 4426 478 4492 recalcitrandi
508 4433 539 4491 et
565 4427 734 4492 rebellandi
763 4427 895 4498 occasio,
924 4426 1047 4492 eandem
1070 4449 1176 4510 penam
1198 4451 1234 4495 ex
1256 4439 1407 4515 potestate
1430 4443 1462 4500 et

265 4536 369 4620 gracia
385 4534 495 4599 domiui
513 4535 656 4619 Episcopi
673 4536 745 4601 tollo
761 4541 792 4599 et
808 4554 929 4599 revoco.
943 4571 987 4581 —
998 4536 1123 4620 lnsuper
1139 4538 1217 4602 illam
1232 4540 1460 4616 diffinicionem,

266 4664 324 4728 qua
346 4641 523 4707 conceditur
545 4642 725 4708 ldnnialibus
746 4647 843 4708 exitus
859 4644 1033 4707 Monasterii
1056 4645 1091 4708 ad
1109 4656 1251 4729 parentes
1267 4650 1317 4718 rel
1332 4671 1462 4717 consan-
