3242 5350
305 515 382 589 llo

304 694 389 757 nobis
417 695 446 756 in
475 693 531 755 bac
557 695 645 776 parte
672 692 831 756 commissa
860 693 964 757 harum
990 693 1161 757 testimonio
1189 693 1351 757 literarum.
1382 693 1490 757 Datum

303 803 479 890 lictisponc
493 801 548 865 sub
563 801 668 888 eupillo
683 809 791 865 nostro
814 802 1012 888 presentibus
1026 822 1176 888 appenso.
1206 803 1289 864 Anno
1314 801 1427 865 domiui
1450 802 1496 865 n·
1587 833 1588 866 t

303 910 395 974 CCC‘
418 908 511 972 LXX⁰
533 910 645 994 primo,
670 908 744 972 Xlll.
769 911 864 973 mensi
892 912 1017 993 Augusti
1040 910 1233 973 Pontificatus
1257 911 1439 975 sanctissimi
1465 914 1493 973 in
1587 899 1588 944 l

304 1020 424 1084 Christo
447 1021 543 1104 patris
567 1024 598 1082 et
619 1018 730 1082 domini
753 1020 848 1083 nostri
870 1019 980 1083 domiui
1003 1018 1161 1102 Gregorii,
1178 1020 1277 1084 diviua
1294 1020 1489 1103 providencia

304 1150 382 1213 pape
399 1124 463 1193 Xl¹⁵
479 1149 555 1193 anno
573 1130 678 1212 primo.

992 1253 1139 1294 etur-rulant·-
1153 1254 1233 1295 Arrhiri
1249 1255 1282 1294 ΙΙΙ.
1298 1255 1336 1296 Μ.
1353 1256 1401 1294 tlt.
1417 1256 1439 1294 b.

394 1382 441 1436 Dic
456 1382 512 1436 bier
524 1383 655 1436 erntbnte
668 1381 774 1434 iocinere
785 1381 904 1450 Zabluog
917 1382 1033 1451 genobab
1048 1381 1082 1435 im
1095 1382 1177 1436 labro
1193 1381 1263 1436 1256
1282 1381 1424 1454 (Urkundc
1437 1383 1496 1454 to),
1588 1449 1589 1462 ἢ

304 1473 345 1526 eiu
369 1474 506 1543 Vergleiob
529 1473 576 1527 mit
597 1473 638 1525 ihr
660 1472 729 1542 zeigt
752 1471 794 1525 dic
814 1470 1003 1542 Verlndcrung
1025 1472 1074 1526 der
1096 1472 1338 1528 Geldrorbltltnisse
1361 1475 1496 1528 inoerlrslb
1588 1465 1589 1470 ¹

304 1563 393 1617 dieses
407 1562 561 1617 Zeitraums.

825 1851 990 1934 CCCCL.

304 1999 421 2053 Joltunn
439 2014 493 2052 coa
510 1996 661 2053 Musam
678 1997 768 2054 danti
780 1997 844 2052 den
855 1996 947 2072 supe
963 1999 1017 2071 fair
1030 1998 1077 2053 cin
1089 1998 1147 2055 ibn
1158 2017 1196 2053 crs
1208 1998 1289 2054 M
1309 1997 1488 2069 concordem

827 2089 969 2144 Hortum.

519 2236 576 2290 nat.
595 2237 784 2307 Rogemburg‚
804 2236 847 2289 17.
861 2237 966 2307 August
979 2236 1167 2307 (vermutblicb
1181 2236 1278 2308 1371).

392 2383 589 2448 venerabiles
605 2391 708 2468 patres
724 2403 759 2448 ac
776 2384 897 2448 domini.
923 2382 1029 2448 Humili
1054 2386 1111 2448 mei
1134 2384 1406 2449 resumendacione
1422 2404 1490 2468 pre·

303 2493 404 2554 missa.
429 2491 574 2574 Signibco
590 2492 821 2575 paternitatibus
838 2493 960 2571 vestris,
977 2491 1055 2577 quod
1074 2494 1210 2557 dominus
1240 2494 1361 2558 Viricns
1377 2495 1490 2564 Prcnm

303 2603 474 2668 cononicus
489 2603 622 2667 ecclesie
637 2603 743 2667 sanni
755 2602 912 2668 Jobunnis
924 2604 1167 2690 Ratrbponensis
1181 2602 1280 2668 tidelis
1296 2608 1401 2666 vester
1417 2609 1448 2664 et
1462 2602 1489 2664 in

304 2711 439 2774 omnibus
455 2711 584 2795 diligens
600 2719 703 2796 preter
718 2712 823 2776 XXXll
839 2712 970 2777 llorenos
986 2713 1050 2776 auri
1076 2712 1105 2775 in
1122 2713 1271 2796 quitaucia
1293 2731 1360 2775 mea
1377 2712 1490 2796 positos

304 2821 392 2883 michi
417 2821 438 2884 v
457 2821 586 2884 florenos
611 2823 674 2884 auri
697 2841 751 2905 pro
776 2823 915 2905 expensis
932 2821 1133 2894 Nanniorum,
1155 2823 1307 2906 quitoocie
1330 2828 1362 2884 et
1379 2821 1494 2883 lustru·

303 2936 465 2992 mentorum
490 2928 526 2992 ad
549 2931 706 2994 Romanam
731 2931 842 2994 curiam
859 2930 1082 3013 dirigendomm
1098 2928 1290 3014 assignavit,
1313 2935 1345 2993 et
1358 2952 1412 2995 mc
1426 2951 1491 2994 nmo
1511 3004 1522 3027 κ

304 3060 364 3102 tuno
385 3040 464 3125 pari
489 3039 665 3127 culiparwn
687 3038 870 3111 bonoravit,
894 3040 932 3103 de
957 3059 1014 3123 qua
1043 3038 1224 3102 bonorancie
1253 3036 1336 3101 robis
1363 3037 1490 3102 humiles

305 3148 405 3209 refero
421 3148 593 3229 graciarum
610 3149 769 3219 acciones,
793 3148 925 3213 offerens
949 3168 996 3211 me
1019 3150 1056 3212 ad
1081 3154 1182 3213 uestra
1199 3147 1388 3231 beneplacita
1404 3147 1489 3211 michi

304 3254 457 3338 possibilia
475 3256 671 3341 adimplenda.
689 3257 858 3321 bltissimus
874 3259 904 3320 in
920 3260 966 3322 sui
981 3259 1084 3342 gracia
1101 3279 1154 3321 ros
1172 3257 1303 3321 feliciter
1318 3263 1487 3321 conservet.

305 3363 457 3447 Scriptum
474 3364 635 3449 Ratispone
652 3364 728 3429 xvc
744 3364 795 3430 die
810 3367 923 3430 mensis
939 3367 1075 3449 Augusti.

998 3490 1147 3530 chartulario!
1155 3490 1236 3530 Arebiri
1251 3489 1284 3530 lli.
1300 3491 1336 3530 tol.
1354 3491 1399 3530 tte.
1416 3491 1435 3528 b.

810 3762 990 3846 ccccm.

302 3909 404 3970 Μαί),
424 3909 550 3964 mebant
568 3926 605 3964 zo
624 3910 748 3983 Aspero,
767 3909 843 3965 stelit
864 3908 920 3964 den
942 3909 1049 3978 Bato-cp
1069 3907 1121 3963 tier
1140 3908 1230 3982 primi
1244 3909 1356 3980 fructus
1377 3908 1421 3961 bei
1438 3907 1486 3961 der

647 3999 869 4070 Korneulnrper
880 3998 1068 4073 Pscrrlrircbe
1085 4002 1151 4073 fest.

584 4146 643 4201 Dat.
658 4146 899 4217 lilosternsnbnrg,
913 4146 955 4199 14.
969 4145 1128 4219 September
1143 4146 1220 4201 1371.

391 4294 422 4357 ln
455 4293 574 4357 nominc
602 4293 719 4358 Domini
737 4341 745 4357 .
762 4295 866 4358 Amen.
898 4292 959 4357 Per
989 4298 1150 4377 presentes
1177 4293 1281 4357 literas
1308 4293 1339 4355 in
1364 4291 1482 4354 tonnam

301 4399 413 4485 publici
442 4402 633 4466 Instrumenti
663 4401 802 4466 redactas
829 4406 931 4485 patcat
957 4402 1120 4473 universis,
1152 4399 1238 4483 Quod
1266 4420 1325 4482 ego
1351 4399 1482 4464 ,incolum

301 4512 449 4575 Decamrs
464 4520 497 4575 et
512 4513 628 4575 Rector
643 4511 774 4574 ecclesie
785 4510 988 4598 parochialis
1004 4510 1039 4574 in
1054 4511 1198 4596 Aspara,
1214 4516 1312 4595 patav.
1330 4509 1406 4572 dioc.
1424 4507 1481 4569 Lit-

301 4625 382 4683 teras
400 4618 655 4683 Reverendissimi
679 4620 709 4681 in
731 4619 854 4683 Christo
875 4618 968 4703 putris
989 4624 1021 4681 ct
1041 4618 1151 4682 domini
1174 4618 1310 4689 Alberti,
1335 4613 1483 4704 Episcopi

303 4730 417 4793 Puteo.
445 4728 557 4792 domini
585 4730 643 4791 mci
670 4729 801 4812 graciosi
833 4729 959 4814 ejusque
987 4727 1079 4811 sigilli
1107 4729 1304 4811 impressione
1330 4725 1479 4809 sigillatas.
