3242 5350
301 470 378 544 loc

296 646 378 711 nitra
398 645 657 734 Nemearpennn
684 643 806 709 Ordinis
834 644 932 708 sancti
959 644 1116 728 Augustini
1139 643 1323 709 Patariensis
1350 645 1490 711 Diocesis

297 754 440 819 senciens
458 753 661 819 venerabilem
677 752 772 816 uirum
789 751 949 817 Dominum
964 754 1154 819 sidenorum
1172 754 1287 841 Tarpa,
1302 753 1492 839 Arcbipres·

296 861 429 928 bitania
455 864 562 929 sommi
586 862 745 951 Affricam
770 860 1005 927 [lambacensis
1034 862 1171 928 ιίἱοοοείο
1197 862 1347 927 naamam
1371 861 1494 927 domini

293 991 383 1058 pape
398 970 457 1034 sibi
473 979 598 1057 propter
614 969 722 1035 salsam
735 969 899 1034 emulorum
912 990 1033 1035 suorum
1045 970 1232 1035 delacionem
1243 971 1378 1054 grandim
1391 969 1494 1051 indig-

295 1079 372 1150 nari,
397 1100 491 1165 seque
514 1080 553 1144 ab
578 1100 615 1144 eo
637 1079 676 1144 de
699 1079 777 1142 inira
801 1079 925 1162 scriptis
950 1080 1127 1144 excessibus
1150 1085 1181 1142 et
1196 1078 1370 1143 criminibus
1387 1077 1493 1143 baberi

295 1193 489 1271 suspectum,
512 1192 637 1253 secutas
661 1187 718 1252 luit
739 1188 838 1271 ipsum
859 1187 1011 1252 humiliter
1026 1187 1064 1252 ad
1082 1187 1239 1252 Civitatem
1256 1194 1388 1251 nostram
1404 1185 1492 1251 Sala·

295 1294 490 1378 burgensem,
509 1301 540 1361 et
561 1316 596 1361 se
611 1295 688 1360 ultro
703 1295 784 1361 illius
801 1295 1015 1379 conspectibus
1030 1297 1231 1380 presentavit,
1247 1300 1355 1381 petens
1376 1295 1493 1360 instan-

295 1408 354 1478 ter,
375 1410 408 1468 vt
424 1405 460 1470 ad
476 1405 689 1470 removendam
705 1404 958 1488 indignacionem,
981 1411 1012 1469 et
1027 1405 1248 1489 suspicionem,
1272 1425 1346 1490 quas
1362 1403 1493 1487 gerebat

295 1511 333 1575 ad
349 1511 444 1586 illum,
461 1513 566 1597 Super
583 1513 658 1585 hiis,
682 1512 721 1577 de
746 1511 856 1597 quibus
872 1511 989 1576 delatas
1006 1513 1116 1586 fuerat,
1132 1513 1300 1597 inquireret
1321 1512 1491 1577 ueritatem.

293 1619 399 1684 Dictus
421 1621 523 1705 itaque
547 1621 728 1692 aldemanus,
756 1620 944 1703 prehabita
934 1622 1141 1706 inquisicione
1167 1621 1343 1703 diligenti
1334 1641 1365 1685 rn
1389 1626 1493 1684 nostra

293 1729 464 1813 presencia,
474 1728 1145 1816 dictamfflepositomreperitinnoeentcm,
1156 1729 1494 1814 nostroquectsapien·

293 1842 357 1900 tum
386 1841 555 1901 nostrorum
584 1836 771 1901 comunicato
803 1835 974 1900 consilio
959 1857 1063 1924 speram
1088 1857 1153 1924 per
1186 1857 1276 1902 emm
1296 1838 1493 1902 sentarcimn

292 1945 463 2031 superbiis
474 1946 564 2010 abad
550 1944 620 2017 icit,
637 1944 722 2008 cuius
738 1944 895 2009 sentencie
911 1948 999 2008 tenor
1023 1950 1070 2008 est
1084 1942 1171 2008 talis.
1187 1945 1363 2010 Αάοιηοηω
1382 1946 1492 2032 Tarpa

292 2051 550 2138 Arobipreoditer
574 2053 681 2119 sancd
702 2053 862 2139 Affrieani
885 2052 1102 2118 dacherianis
1122 2052 1268 2125 diocesis,
1292 2060 1324 2117 et
1347 2053 1492 2118 Nunnium

291 2160 487 2225 canonisimi
496 2161 604 2248 patris
615 2161 737 2226 domini
750 2161 854 2225 naabi
868 2161 991 2225 domini
1003 2161 1162 2227 domania
1183 2162 1293 2227 celesti
1302 2161 1492 2249 procebione

289 2289 381 2355 pape
392 2269 488 2334 XXII.
502 2269 547 2333 ad
558 2269 724 2335 Civitatem
736 2276 768 2333 et
779 2269 982 2355 provinciam
997 2268 1269 2357 Salabarpeaaem,
1289 2290 1349 2343 nec
1366 2291 1433 2334 non
1448 2268 1493 2333 ad

292 2378 377 2442 alias
384 2377 673 2464 parteedlamaaie
680 2398 744 2464 pro
757 2378 913 2459 fructibus
926 2377 1028 2465 primi
1042 2379 1123 2442 anni
1136 2378 1355 2463 beneficiorum
1371 2399 1490 2442 vacan-

293 2486 378 2552 ciam
401 2506 465 2573 per
498 2484 671 2550 trienninm
699 2505 757 2548 vna
785 2505 852 2548 cum
881 2485 1056 2569 quibusdam
1081 2486 1208 2569 collegis
1232 2485 1354 2560 nostris,
1378 2487 1438 2550 iam
1461 2487 1491 2549 in

294 2592 419 2657 remotis
437 2591 605 2676 agentibus,
618 2612 685 2656 cum
698 2592 833 2657 clausula
844 2598 960 2666 tamem
977 2597 1009 2656 et
1020 2593 1147 2679 quilibet
1159 2601 1293 2658 nostrum
1306 2592 1490 2666 insolidum,

291 2723 331 2768 ac
342 2703 418 2768 aliis
429 2702 569 2789 negociis
581 2701 667 2767 eadm
677 2703 851 2788 apostolice
863 2703 1042 2790 peripsam
1053 2703 1285 2769 sarnetisnmam
1296 2703 1403 2768 aedem
1416 2724 1490 2769 con·

289 2812 417 2876 stitattm
433 2809 654 2894 adperpetoann
663 2809 709 2873 rei
725 2812 909 2874 memoriam.
921 2811 1390 2876 Dndcanmorantibusnodisin
1401 2810 1489 2876 Cini-

290 2926 356 2984 tate
378 2917 558 2984 Wiennenri
573 2916 759 2980 Pataviensis
777 2916 926 2988 diocesis,
950 2921 981 2980 et
996 2920 1125 3000 negocia
1140 2918 1279 3002 predicte
1294 2918 1490 2982 sanctissime

290 3026 373 3091 sedis
390 3025 557 3112 apostolice
573 3023 660 3090 nobis
676 3027 835 3090 commissa
853 3024 983 3090 fideliter
995 3024 1107 3091 ibidem
1116 3026 1342 3113 exequentibus,
1351 3026 1489 3090 Venera-

290 3135 360 3200 bilis
377 3142 408 3200 et
423 3135 586 3215 religiosus
603 3134 659 3207 vir,
677 3133 813 3198 dominus
829 3134 1011 3223 Stephanus
1031 3136 1216 3222 prepositum
1231 3134 1488 3222 Neondnrpeneis

291 3242 414 3307 Ordinis
437 3242 534 3306 sancti
556 3240 715 3324 Augustini
746 3240 828 3307 dicte
855 3240 1042 3307 Patariensis
1070 3242 1202 3307 diceens
1231 3241 1306 3306 falsa
1327 3240 1489 3305 delacione

291 3351 457 3417 emulorum
474 3370 594 3414 suorum
611 3349 724 3414 nostris
740 3351 863 3415 auribus
886 3351 1006 3415 deletus
1023 3352 1129 3423 extitit,
1145 3350 1231 3438 qaod
1246 3350 1488 3415 Samosoaan

290 3461 474 3547 Principem
498 3459 657 3523 dominam
679 3459 884 3542 fridericum.
917 3461 1130 3525 Romanorum
1155 3480 1262 3547 repam
1288 3466 1320 3523 at
1345 3458 1489 3523 donrinos

290 3567 476 3632 Heinricam
493 3573 525 3630 et
541 3565 695 3641 Ottanern,
709 3568 831 3649 fratres
843 3567 988 3654 predicti
1000 3566 1176 3653 Principis,
1191 3567 1298 3631 Duces
1312 3564 1441 3631 dustria
1457 3571 1489 3629 et

290 3675 401 3761 Styrie
416 3681 527 3739 contra
543 3695 600 3739 noa
615 3673 828 3758 inflamaam‘t
849 3682 881 3740 et
902 3676 947 3740 ad
967 3674 1202 3763 impediendum
1216 3695 1273 3740 nos
1296 3674 1331 3738 in
1346 3673 1488 3760 negociis

290 3785 487 3851 sansoniae
502 3783 588 3848 sedis
604 3782 773 3848 iadoaaenit
787 3783 935 3860 consilio,
951 3784 1095 3859 otacilio,
1111 3791 1143 3848 et
1154 3786 1269 3867 favore
1285 3783 1429 3870 quodque
1445 3783 1490 3848 ad

286 3890 526 3979 provocandam
538 3895 649 3953 contra
660 3910 718 3954 aaa
728 3892 881 3977 papulam
896 3891 978 3954 malo
994 3890 1099 3956 animo
1110 3889 1254 3955 dicerit:
1270 3896 1487 3954 contractare

290 3999 331 4063 de
346 3997 563 4063 translacionis
587 3995 727 4083 Imperii,
749 4003 780 4060 et
792 4018 856 4084 per
871 3998 1005 4084 praedam
1022 3998 1089 4062 alia
1107 3998 1204 4061 verba
1215 3997 1335 4062 amicos
1346 4003 1378 4061 et
1389 3997 1486 4079 fami·

291 4106 390 4170 liores
404 4126 478 4169 snos
493 4104 539 4169 ad
553 4104 718 4169 dedendam
732 4127 790 4169 aas
806 4105 1001 4182 incitaverit,
1024 4107 1158 4171 diceredo
1181 4106 1273 4182 talia,
1297 4107 1350 4171 ael
1368 4105 1486 4170 similia

290 4216 408 4279 cerba:
432 4213 647 4289 „Benedictus
670 4213 767 4290 Deras,
790 4216 876 4300 qesod
895 4221 942 4280 tot
962 4213 1102 4279 bominac
1113 4236 1203 4301 pane
1224 4236 1292 4278 meo
1307 4222 1486 4286 omeantar,

291 4329 323 4386 et
332 4322 440 4386 nullus
450 4328 509 4397 est,
525 4321 582 4408 qai
591 4328 684 4385 amat
692 4342 742 4384 me
753 4321 793 4385 de
808 4323 952 4386 manibus
967 4322 1078 4386 nandi
1088 4322 1210 4386 domini
1215 4329 1338 4409 pape“.
1348 4322 1485 4384 Tandem

163 4519 168 4524 ι
291 4451 358 4495 curn
382 4430 570 4493 venissemus
595 4429 632 4493 ad
656 4429 805 4493 civitatem
829 4429 1102 4518 salzburgensem,
1127 4431 1181 4495 odi
1192 4431 1294 4517 plena
1313 4429 1486 4494 securitate

288 4537 513 4625 pendebamus,
530 4537 611 4601 idem
627 4539 800 4621 prepositus
818 4538 952 4601 sentiens
968 4537 1007 4601 de
1023 4535 1169 4620 predictis
1185 4558 1240 4603 nos
1257 4539 1355 4621 ipsum
1372 4537 1485 4601 babere

293 4649 484 4731 suspectum,
507 4644 611 4710 nolens
627 4645 735 4709 famem
751 4665 835 4709 suam
851 4646 1028 4730 negligere,
1045 4645 1101 4710 sed
1117 4646 1224 4730 pocius
1240 4645 1386 4710 affectem
1403 4663 1486 4710 snam
