3242 5350
1254 505 1331 576 207

147 687 328 771 etiniqnem,
344 705 436 768 nque
452 685 560 748 itcrnm
577 684 719 748 senciens
735 702 783 746 mc
806 688 978 766 gravatum,
1003 681 1041 746 ab
1057 702 1093 746 ea
1109 686 1257 765 nmquam
1273 680 1334 744 ini-

148 815 210 879 qua,
233 794 271 857 ad
297 794 403 857 sedem
426 789 618 874 apostolicam
634 810 691 874 per
705 810 755 854 me
770 790 870 855 extitit
885 792 914 854 in
931 791 1053 874 scriptis
1069 789 1260 875 appeiiatum.
1279 786 1335 851 Cui

146 901 337 987 appedacioni
353 901 425 964 iicet
440 899 520 963 iuste
535 900 644 962 iterum
660 918 720 962 non
731 899 915 971 deserentes,
932 904 1035 964 contra
1051 901 1176 962 sormam
1190 898 1263 963 iuris
1278 917 1334 981 per

147 1011 234 1074 dictos
247 1008 420 1074 canonicos
437 1007 474 1071 ad
491 1007 683 1071 Eicccionern
699 1008 851 1092 propositi
866 1008 991 1091 procedi
1008 1007 1232 1078 mundaverunt,
1249 1006 1288 1069 Et
1302 1005 1333 1068 in

146 1138 239 1183 onnes
278 1118 467 1181 nominantes
483 1126 546 1179 'me
576 1117 764 1203 prepositum
797 1115 979 1180 Senteooias
1010 1113 1334 1179 Excomnsnnicacionis

144 1226 257 1289 nsiaris
275 1225 315 1289 de
330 1226 411 1289 tacto
428 1224 626 1309 protulerunt.
644 1223 743 1306 Quare
759 1224 915 1295 Canonici,
930 1224 1065 1288 scilicet:
1087 1224 1212 1298 Altero,
1228 1223 1333 1307 Nyco·

144 1339 220 1406 tura,
244 1334 409 1419 Sysrr'dus,
434 1331 620 1398 Wcicircrus
636 1337 666 1396 et
682 1334 777 1397 ceteri
793 1352 830 1396 ex
845 1334 977 1416 ipsorum
992 1335 1137 1417 precepto
1161 1332 1198 1395 sd
1215 1328 1335 1394 Elccci-

144 1463 222 1507 onem
238 1443 343 1505 fratris
364 1441 473 1516 Vlrici,
490 1440 516 1504 si
533 1446 666 1504 meretur
682 1440 743 1505 dici
759 1441 891 1513 eleccio,
913 1442 952 1505 de
967 1441 1046 1504 iacto
1062 1442 1287 1523 processerunt,
1304 1442 1336 1501 et

142 1552 231 1634 ipsum
250 1551 412 1633 clegerunt
427 1549 457 1611 in
474 1549 662 1632 prepositum
679 1548 961 1632 osenburgensem,
985 1568 1053 1633 ymo
1069 1548 1174 1630 pocius
1191 1545 1336 1628 negtexe-

143 1664 212 1722 rnnt.
238 1656 314 1722 Cum
332 1658 426 1740 igitur
442 1656 678 1741 appeiiacionum
695 1657 901 1742 predictarum
922 1677 1030 1721 caesas
1054 1655 1153 1721 Sedes
1170 1655 1334 1740 apostolice

142 1767 323 1831 commiserit
349 1765 436 1829 vobis
464 1764 647 1838 audiendas,
672 1772 704 1830 ct
725 1765 785 1830 fine
809 1765 911 1831 debito
934 1764 1152 1837 terminandas,
1178 1764 1252 1828 Peto
1275 1783 1335 1846 ego

143 1873 312 1957 Stephanus
324 1875 498 1957 prepositus
515 1872 681 1956 predictus,
697 1874 737 1938 de
752 1873 977 1957 gravaminibus
993 1873 1084 1937 michi
1100 1871 1189 1937 iiiatis
1205 1892 1262 1956 per
1272 1872 1335 1937 Vos

31 2022 32 2033 ,
143 1984 254 2048 iudices
269 1982 426 2065 predictos
443 1981 599 2061 cognosci,
617 1988 648 2046 et
664 2001 712 2045 me
728 1982 806 2047 bene
823 2001 860 2045 sc
875 1980 1009 2063 legitime
1024 1980 1205 2065 appellasse,
1221 1979 1335 2045 dictos-

143 2112 197 2176 que
208 2091 328 2155 indices
340 2109 501 2173 perperam
515 2094 545 2152 et
557 2088 634 2152 maie
647 2092 850 2174 processisse,
862 2111 898 2155 ac
910 2111 958 2155 me
969 2110 1126 2173 gravasse,
1139 2111 1193 2174 per
1204 2096 1335 2154 vestrum

131 2197 393 2262 interlocutoriam
410 2197 615 2280 pronunciari.
632 2198 799 2262 Processus
817 2218 936 2284 qnoque
953 2203 985 2263 et
999 2199 1170 2263 sentencias
1186 2198 1334 2263 dictorum

143 2308 286 2377 iudicum,
315 2308 342 2369 si
369 2306 526 2369 sentencie
554 2305 614 2368 dici
638 2313 807 2379 merentur,
836 2327 871 2371 ac
888 2308 1078 2372 Eleccionem
1096 2307 1168 2372 dicti
1186 2305 1292 2378 Virici,
1308 2304 1336 2368 si

142 2420 269 2480 meretur
285 2413 349 2477 dici
366 2413 501 2485 Eicecio,
517 2419 666 2497 mern
681 2414 779 2479 minus
793 2415 911 2488 instem,
929 2423 960 2479 ct
976 2435 1163 2501 quecumque
1178 2435 1235 2499 per
1246 2434 1336 2498 sepe-

142 2524 216 2587 iatec
235 2522 356 2586 indices
378 2526 482 2586 euna
505 2526 537 2584 ct
558 2527 662 2605 preter
684 2521 783 2587 dictus
803 2524 1027 2607 appciiaciones
1049 2544 1132 2588 meas
1151 2524 1182 2586 in
1198 2521 1334 2606 preindi-

142 2631 217 2696 dnm
237 2651 339 2695 mcum
365 2635 396 2694 et
419 2630 592 2694 Monasterii
620 2630 679 2695 mci
701 2630 899 2698 dinoscuntur
914 2638 1090 2718 attemptata
1114 2652 1169 2697 scu
1184 2632 1334 2704 innovata,

139 2747 206 2805 ante
222 2742 323 2804 ornnia
340 2739 486 2811 revocari,
513 2741 627 2803 cessari
649 2745 680 2802 et
697 2741 818 2812 irritari,
835 2760 903 2824 ymo
925 2743 1032 2827 pocius
1049 2762 1135 2806 cases
1153 2746 1184 2805 et
1199 2740 1284 2804 irrita
1299 2760 1335 2804 ac

138 2849 232 2912 inania
250 2853 284 2912 et
300 2847 409 2912 nuilin's
426 2867 497 2911 esse
513 2849 671 2920 momenti,
696 2853 836 2931 tanquam
856 2855 927 2933 post
943 2849 1168 2933 appellacioncs
1184 2848 1336 2931 legitimas

138 2961 312 3040 attemptata
342 2957 487 3020 nunciari.
514 2956 587 3019 Peto
611 2958 736 3040 insuper
757 2977 903 3041 expensas
931 2960 1028 3023 iactes
1056 2960 1086 3021 in
1112 2957 1165 3022 tite
1193 2963 1225 3022 et
1252 2962 1336 3022 extra

141 3065 233 3137 iitcm,
264 3067 291 3128 si
320 3064 383 3149 peti
410 3069 551 3147 possunt,
574 3072 606 3128 ct
622 3064 781 3129 Protestor
804 3065 844 3129 de
865 3066 1058 3150 imposterum
1080 3066 1228 3131 iaciendis
1244 3065 1336 3129 Salvo

139 3175 228 3237 michi
250 3175 319 3236 iure
341 3173 487 3246 addendi,
509 3173 675 3245 minuendi,
698 3172 842 3245 mutandi,
865 3175 1050 3254 corrigendi,
1071 3175 1217 3259 quociens
1239 3174 1334 3237 visum

139 3284 227 3346 inerit
243 3281 400 3366 expedire,
423 3302 482 3345 non
503 3282 696 3365 adstringens
717 3303 766 3346 me
789 3283 827 3347 ad
850 3284 947 3347 omnia
963 3282 1148 3367 supradicta,
1173 3283 1227 3347 sed
1244 3280 1282 3345 ed
1299 3301 1334 3345 ea

139 3396 261 3460 tentum,
278 3411 338 3475 ane
354 3411 415 3474 pro
425 3392 596 3454 intencione
612 3412 679 3456 mea
694 3390 845 3456 fundanda
861 3391 1004 3455 sufficere
1019 3391 1209 3457 videbuntur.
1323 3459 1328 3470 ,

227 3500 290 3563 Nos
307 3500 400 3579 igitur
414 3500 599 3574 Mauricius,
616 3502 670 3565 dei
678 3502 792 3589 prucis
805 3502 995 3566 dioecetes-ii
1008 3502 1128 3567 Sancte
1142 3501 1248 3566 Music
1259 3500 1337 3565 Sco·

138 3615 239 3671 torrere
251 3609 286 3672 irr
304 3608 431 3673 Wiener
441 3608 555 3683 Abdus,
567 3609 736 3673 Ludwicus
748 3609 947 3675 Cdremcnsis
958 3611 1107 3675 Decorus
1119 3630 1159 3674 cc
1170 3609 1336 3692 Gotsridus

140 3716 436 3783 interdiana-stedi
449 3717 483 3780 irs
494 3713 700 3805 Mdrocrpucii
715 3717 832 3781 iudices
848 3718 977 3801 predicti
993 3739 1076 3782 more
1090 3718 1222 3801 Supcmi
1237 3716 1335 3780 Patris

139 3824 217 3889 iiiios
232 3825 383 3889 hominum
399 3826 478 3889 inste
489 3825 624 3890 iudicare
636 3826 844 3909 precipientis,
862 3826 911 3891 lus
923 3847 1008 3890 snum
1025 3827 1186 3910 inicuique
1201 3825 1336 3891 tribuere

140 3933 275 3997 solentes
304 3940 336 3997 et
362 3934 520 3997 veritatem
547 3952 583 3997 se
603 3934 750 3998 iusticiam
774 3933 926 4018 amplecti,
950 3939 1092 4019 quantum
1113 3932 1200 3998 nobis
1223 3932 1259 3997 eh
1276 3932 1336 3998 alto

30 4107 32 4134 Ι
143 4041 270 4106 concedi
287 4045 457 4126 cupientes,
473 4041 635 4124 diligenter
645 4043 718 4107 visis
735 4049 766 4107 et
777 4042 888 4108 auditis
900 4044 970 4107 irinc
981 4042 1096 4108 iuribus
1107 4048 1138 4108 et
1153 4042 1336 4115 racionihus,

30 4179 32 4194 ,
139 4169 175 4214 ec
191 4150 324 4234 receptis
339 4149 574 4233 probncionihus
591 4171 649 4235 per
663 4155 760 4215 testes
777 4155 808 4215 et
824 4153 1029 4224 instrumento,
1053 4158 1084 4216 et
1099 4150 1265 4216 sentenciis
1281 4169 1336 4233 pro

142 4263 229 4342 parte
250 4259 346 4343 ipsius
370 4258 518 4342 prepositi
541 4257 648 4323 Coram
672 4258 758 4323 nobis
782 4261 814 4323 in
837 4259 947 4324 iudicio
969 4259 1125 4344 productis
1146 4259 1337 4340 investigatis

30 4381 32 4472 ξ
142 4386 262 4452 qnoque
273 4366 310 4431 ad
323 4367 442 4451 pienum
460 4373 490 4431 et
502 4368 644 4450 cognitis,
660 4370 792 4451 ipsarum
805 4368 1044 4453 appeliaciooum
1058 4374 1090 4433 et
1100 4389 1192 4433 cause
1204 4386 1337 4431 commu·

30 4509 32 4536 ι
143 4476 191 4539 nia
209 4475 322 4539 meritis
339 4495 417 4560 equs
434 4495 552 4559 quoquc
568 4476 691 4539 iusticie
703 4478 789 4540 lance
802 4476 959 4550 discussis,
977 4477 1202 4543 deliberacione
1212 4477 1337 4559 insuper

139 4581 294 4647 nobiscum
319 4589 352 4646 et
375 4601 443 4647 cum
458 4584 563 4666 peritis
586 4582 688 4647 habita
705 4583 863 4665 diligenti,
887 4585 1007 4649 domino
1024 4586 1179 4668 preposito
1196 4583 1336 4667 predicto

30 4689 32 4736 ῗ
142 4699 267 4777 propter
282 4691 385 4756 hocin
403 4692 495 4755 nostri
511 4694 671 4776 presencie
693 4694 857 4760 constituto
881 4699 912 4758 et
927 4697 1100 4758 sentencias
1124 4712 1191 4758 cum
1215 4693 1337 4763 instanti
