3242 5350
312 552 361 625 52

381 726 447 780 Doro
465 725 553 781 dieses
571 722 639 778 {261
660 723 742 778 duroto
760 724 857 795 Propst
874 722 996 779 Nicolaus
1015 739 1065 777 von
1081 722 1305 790 Klosterneulrurg
1322 719 1478 789 gogrundete

310 815 530 871 Chorlruueostitt
543 833 573 869 zu
587 815 626 869 st.
639 815 723 870 dakob
736 815 761 868 in
774 814 822 869 der
835 820 927 869 untern
941 812 1020 868 Studt
1038 812 1263 881 lilosterneuburg
1280 811 1335 865 sich
1353 810 1379 864 in
1391 810 1480 863 diriti-

311 924 362 979 gen
379 905 692 978 Vermdgensumstdnden
712 904 815 965 lelund,
837 906 948 974 benougt
967 904 1015 958 dor
1034 903 1185 958 llusdruck:
1205 903 1276 967 „sive
1294 901 1326 955 do
1343 917 1408 954 novo
1424 901 1480 954 ion-

310 996 427 1054 duoda“.'
440 999 489 1053 uio
507 997 629 1053 Bisehdio
648 998 754 1052 wollten
773 997 828 1050 ulso
847 997 929 1050 durch
950 993 1000 1049 den
1019 995 1158 1049 ertheilten
1171 995 1263 1049 Ablsss
1281 992 1324 1046 dio
1340 990 1480 1061 Gltubigen

310 1107 357 1143 nur
376 1090 584 1160 Uolerstdtnuog
601 1088 688 1142 dieses
707 1087 800 1141 seinos
820 1087 993 1140 autmuotorn.

844 1349 939 1420 LVll.

315 1526 455 1599 Verpleielr
473 1522 611 1582 zeonem
629 1523 691 1579 dem
708 1523 798 1596 Stifle
819 1522 953 1592 drewes
964 1520 1022 1575 eud
1040 1519 1101 1575 dem
1114 1517 1303 1593 Stistmpitale
1315 1535 1351 1573 se
1361 1517 1484 1573 Klorter-

631 1612 756 1682 rreudurp
775 1613 846 1669 older
862 1612 953 1683 einipe
977 1611 1167 1681 Weinporteu.

662 1777 721 1831 noo
731 1776 863 1847 Gottweig
874 1777 918 1830 24.
935 1776 1050 1831 Februar
1060 1774 1138 1831 leun.

403 1925 465 1990 Nos
488 1924 657 1991 Heinrieus
678 1925 733 1990 dei
747 1927 856 2013 pretio
876 1927 978 1992 Albae
994 1926 1149 2011 'lutusque
1170 1923 1339 1988 Conventus
1363 1922 1484 1985 fratrum

313 2033 485 2098 Monasterii
507 2032 729 2099 Clrotwr'eensie
750 2035 870 2099 Tenere
888 2035 1077 2120 presencium
1093 2033 1280 2118 profitemur.
1303 2035 1334 2094 et
1349 2036 1486 2094 constare

312 2141 444 2207 velumm
460 2142 615 2206 vniversis.
638 2141 721 2224 Quod
739 2143 776 2207 de
800 2163 857 2208 vno
874 2146 978 2227 ingere
996 2143 1053 2207 sito
1075 2143 1105 2207 in
1121 2142 1210 2207 lvndo
1234 2138 1371 2204 lleelesie
1387 2138 1488 2202 Nevo-

312 2252 472 2334 burgensis
495 2250 525 2314 io
546 2252 631 2319 vineo
653 2249 733 2316 dioto
748 2252 778 2314 in
803 2252 869 2315 dem
890 2250 1082 2335 weingruben
1098 2271 1202 2316 versus
1223 2250 1339 2333 longum
1363 2248 1489 2319 vineam,

314 2359 392 2446 quod
416 2360 539 2424 emimus
562 2380 580 2422 o
607 2360 737 2425 diseroto
766 2361 831 2423 viro
860 2361 1026 2427 Gebharde
1047 2361 1179 2426 Notario
1206 2368 1339 2424 tenemur
1361 2359 1490 2444 quinque

312 2488 402 2531 vrnos
425 2468 484 2530 vini
501 2469 666 2532 crescentis
689 2467 797 2533 ibidem
819 2475 878 2533 tom
900 2491 955 2554 pro
977 2472 1042 2535 iure
1058 2473 1213 2544 montano,
1233 2468 1312 2553 quod
1327 2470 1356 2531 in
1373 2466 1489 2549 vulgari

314 2574 499 2641 Perelrrenht
522 2576 648 2650 dieitur,
672 2597 757 2662 quam
779 2598 834 2662 pro
855 2577 970 2642 decimo
993 2578 1167 2663 persolvere
1189 2578 1273 2642 annis
1295 2575 1425 2659 singulis
1448 2576 1492 2640 ed

312 2685 470 2772 lroepilole
495 2687 637 2752 Ecoleeie
662 2688 923 2777 Neonborpenois.
953 2688 990 2752 Et
1016 2688 1042 2752 si
1064 2689 1221 2754 servicium
1244 2686 1412 2752 huiusmodi
1435 2705 1490 2769 per

313 2794 387 2859 duos
401 2814 493 2858 annos
504 2794 659 2859 continuos
672 2816 726 2879 per
738 2816 793 2861 nos
805 2798 985 2880 neglectum,
993 2797 1039 2861 vel
1052 2797 1191 2861 omissum
1203 2796 1292 2860 fuerit
1304 2815 1492 2879 quocumque

314 2902 412 2974 ruodo,
428 2901 524 2987 ipsum
540 2902 626 2984 inger
642 2903 677 2966 od
692 2910 883 2969 memoratum
902 2905 1054 2989 hospitale
1069 2902 1306 2986 Nevnburgense
1321 2923 1388 2968 eum
1413 2903 1492 2966 inte-

294 3013 296 3017 ’
312 3012 424 3092 grinte
440 3011 604 3075 omnimoda
620 3011 802 3077 devolvetur.
822 3013 977 3079 Vendeodi
1000 3035 1070 3078 vero
1087 3022 1117 3078 et
1132 3013 1282 3097 obligandi
1304 3011 1492 3096 sepedictum

312 3119 409 3202 inger,
423 3140 475 3183 sev
490 3121 520 3182 in
535 3140 681 3204 personas
697 3120 770 3185 alias
786 3122 852 3187 iure
867 3122 956 3187 simili
973 3122 1171 3187 transterendi
1188 3124 1304 3206 plenam
1320 3120 1493 3185 facultatem

312 3227 466 3301 hebemus,
483 3226 639 3293 dummodo
655 3250 711 3314 per
731 3250 854 3295 mannus
871 3230 1061 3315 llospitolurii
1075 3230 1333 3315 Nevnburgensis,
1350 3228 1492 3315 quiequid

312 3336 413 3401 talium
429 3337 598 3411 fecerimus,
613 3337 813 3403 confirmetur.
829 3339 861 3402 ln
874 3340 957 3404 cuius
973 3341 1018 3404 roi
1030 3340 1229 3405 testimonium
1241 3339 1363 3404 evidens
1379 3345 1411 3403 et
1422 3359 1492 3404 eou-

313 3445 401 3509 telom
429 3453 586 3530 presentes
612 3447 715 3512 literas
742 3447 876 3513 dedimus
900 3449 1038 3516 Eoelesie
1066 3451 1292 3535 Nevnlrurgeosi
1318 3449 1492 3534 Sigillorum

314 3561 481 3619 nostrorum
505 3555 747 3640 impressionibus
770 3560 972 3623 communitos.
997 3561 1089 3626 lluius
1108 3561 1153 3625 rei
1174 3565 1268 3625 testes
1290 3565 1360 3624 sunt
1381 3560 1492 3624 tratres

314 3664 417 3735 nostri,
438 3662 507 3729 orto
522 3666 628 3752 prior.
644 3667 756 3731 Petrus
773 3670 899 3740 Cantor.
920 3669 1115 3743 Wrodordue,
1131 3670 1328 3742 Helmwieus.
1345 3669 1490 3735 Oloura·

313 3773 381 3844 dus,
397 3773 609 3845 Ederlrerdne,
630 3774 824 3847 Walelrunus
848 3776 961 3844 Albero
973 3781 1129 3866 plebanus
1142 3780 1248 3845 saneti
1260 3779 1327 3849 viti,
1348 3779 1492 3844 Holmoi·

316 3901 380 3953 eus,
393 3881 576 3948 Friderieus
587 3885 776 3958 sacerdotes,
789 3887 934 3952 Andreas
945 3896 976 3952 et
986 3888 1189 3953 Cdolomanus
1196 3892 1318 3974 fratres
1329 3889 1370 3953 de
1380 3888 1492 3972 Steyn,

315 3989 502 4055 Clrunrudue
517 3992 557 4056 de
571 3988 749 4079 limpach.
762 3995 1008 4082 Enpelselraleue
1019 3998 1060 4061 de
1069 3999 1149 4081 fert,
1163 3998 1350 4064 Clrenredue
1365 4006 1396 4063 et
1411 3997 1490 4065 11η·-

313 4119 368 4163 eus
383 4098 512 4171 ibideru,
528 4110 559 4163 ot
580 4098 639 4163 ollii
655 4100 747 4165 multi.
770 4104 876 4166 Datum
893 4104 921 4168 io
947 4105 1121 4172 Cleotewieo
1143 4107 1227 4171 Anno
1247 4105 1356 4172 domini
1380 4106 1491 4171 M⁶cc⁰

312 4203 511 4289 Nonagesimo
528 4206 586 4273 llll?
601 4208 711 4274 ldothie
727 4212 871 4296 Apostoli.

367 4386 426 4438 Oris.
442 4388 502 4436 Pers.
524 4386 586 4441 (llep.
601 4388 645 4428 Vel.
660 4392 695 4431 llr.
707 4390 739 4429 19.
761 4392 797 4432 iol.
815 4390 872 4447 112.)
894 4394 935 4432 Dos
949 4394 1018 4445 Sirgrl
1035 4395 1070 4435 des
1089 4396 1150 4436 nore·
1164 4396 1193 4436 ist
1210 4397 1242 4435 bis
1261 4401 1297 4437 nt
1313 4397 1346 4438 dir
1365 4400 1489 4441 florentin:

313 4459 336 4497 ⁸.
351 4458 441 4499 lleirriei
455 4458 493 4499 llri
507 4460 576 4511 gronio
590 4461 677 4501 disboti·
693 4462 835 4510 norwicensis,
850 4465 942 4505 donisel
960 4466 1040 4506 llnelrer
1053 4470 1077 4508 Τ.
1092 4469 1125 4507 tx.
1140 4481 1159 4510 o.
1177 4470 1201 4508 lt)
1210 4469 1353 4521 rlrgelrildeter
1366 4470 1438 4523 stegen
1454 4473 1490 4511 des

314 4530 376 4570 nore·
391 4533 464 4572 l'rtrnr
477 4530 547 4583 gleioh
562 4533 600 4572 nod
615 4534 634 4573 r'n
648 4535 728 4585 gellen
742 4536 817 4576 Wnehr
827 4538 960 4590 olgedrdett.
975 4540 1017 4578 Dru
1032 4540 1103 4579 mite
1118 4541 1246 4592 snongenos
1259 4542 1327 4595 dirgel
1342 4543 1379 4582 der
1396 4546 1490 4597 Cupitrls

312 4602 381 4644 lielert
397 4604 464 4644 llubrr
477 4605 528 4647 Tale.
542 4605 575 4644 lx.
590 4618 610 4644 n.
626 4606 657 4646 11.
673 4606 735 4646 Beirle
749 4607 827 4659 ningen
841 4623 865 4649 ιι
879 4611 1091 4662 Pergameae-ndns.
