<?xml version="1.0" encoding="UTF-8"?>
<!DOCTYPE html PUBLIC "-//W3C//DTD XHTML 1.0 Transitional//EN"
    "http://www.w3.org/TR/xhtml1/DTD/xhtml1-transitional.dtd">
<html xmlns="http://www.w3.org/1999/xhtml" xml:lang="en" lang="en">
 <head>
  <title>
</title>
<meta http-equiv="Content-Type" content="text/html;charset=utf-8" />
  <meta name='ocr-system' content='tesseract 3.04.00' />
  <meta name='ocr-capabilities' content='ocr_page ocr_carea ocr_par ocr_line ocrx_word'/>
</head>
<body>
  <div class='ocr_page' id='page_1' title='image "./fontesrerumaust10unkngoog_0128.png"; bbox 0 0 3242 5350; ppageno 0'>
   <div class='ocr_carea' id='block_1_1' title="bbox 1245 544 1293 616">
    <p class='ocr_par' dir='ltr' id='par_1_1' title="bbox 1245 544 1293 616">
     <span class='ocr_line' id='line_1_1' title="bbox 1245 544 1293 616; baseline -0.021 0"><span class='ocrx_word' id='word_1_1' title='bbox 1245 544 1293 616; x_wconf 75' lang='lat' dir='ltr'><strong>tt</strong></span> 
     </span>
    </p>
   </div>
   <div class='ocr_carea' id='block_1_2' title="bbox 140 720 1321 4517">
    <p class='ocr_par' dir='ltr' id='par_1_2' title="bbox 140 720 1321 4517">
     <span class='ocr_line' id='line_1_2' title="bbox 150 720 1302 807; baseline 0.002 -22"><span class='ocrx_word' id='word_1_2' title='bbox 150 722 267 786; x_wconf 78' lang='lat' dir='ltr'><strong>debiliter</strong></span> <span class='ocrx_word' id='word_1_3' title='bbox 280 722 434 796; x_wconf 79' lang='lat' dir='ltr'>serviatur,</span> <span class='ocrx_word' id='word_1_4' title='bbox 451 723 489 786; x_wconf 94' lang='lat' dir='ltr'><strong>de</strong></span> <span class='ocrx_word' id='word_1_5' title='bbox 500 721 700 786; x_wconf 88' lang='lat' dir='ltr'><strong>habundantia</strong></span> <span class='ocrx_word' id='word_1_6' title='bbox 715 722 836 807; x_wconf 91' lang='lat' dir='ltr'><strong>pietatis</strong></span> <span class='ocrx_word' id='word_1_7' title='bbox 852 741 905 785; x_wconf 91' lang='lat' dir='ltr'><strong>sue</strong></span> <span class='ocrx_word' id='word_1_8' title='bbox 917 720 1023 785; x_wconf 91' lang='lat' dir='ltr'><strong>merita</strong></span> <span class='ocrx_word' id='word_1_9' title='bbox 1033 720 1200 805; x_wconf 91' lang='lat' dir='ltr'><strong>supplicum</strong></span> <span class='ocrx_word' id='word_1_10' title='bbox 1214 742 1302 787; x_wconf 84' lang='lat' dir='ltr'><strong>exce·</strong></span> 
     </span>
     <span class='ocr_line' id='line_1_3' title="bbox 150 829 1303 915; baseline 0 -20"><span class='ocrx_word' id='word_1_11' title='bbox 150 832 209 895; x_wconf 89' lang='lat' dir='ltr'><strong>dens</strong></span> <span class='ocrx_word' id='word_1_12' title='bbox 224 834 251 893; x_wconf 89' lang='lat' dir='ltr'><strong>et</strong></span> <span class='ocrx_word' id='word_1_13' title='bbox 264 836 345 904; x_wconf 87' lang='lat' dir='ltr'><strong>rata,</strong></span> <span class='ocrx_word' id='word_1_14' title='bbox 369 830 448 895; x_wconf 90' lang='lat' dir='ltr'><strong>hene</strong></span> <span class='ocrx_word' id='word_1_15' title='bbox 464 829 665 895; x_wconf 83' lang='lat' dir='ltr'><strong>servientibus</strong></span> <span class='ocrx_word' id='word_1_16' title='bbox 686 829 778 895; x_wconf 92' lang='lat' dir='ltr'><strong>multa</strong></span> <span class='ocrx_word' id='word_1_17' title='bbox 800 831 910 895; x_wconf 88' lang='lat' dir='ltr'><strong>maiora</strong></span> <span class='ocrx_word' id='word_1_18' title='bbox 929 829 1054 902; x_wconf 89' lang='lat' dir='ltr'><strong>tribuat,</strong></span> <span class='ocrx_word' id='word_1_19' title='bbox 1077 851 1162 915; x_wconf 88' lang='lat' dir='ltr'><strong>quam</strong></span> <span class='ocrx_word' id='word_1_20' title='bbox 1185 830 1303 895; x_wconf 81' lang='lat' dir='ltr'><strong>valeant</strong></span> 
     </span>
     <span class='ocr_line' id='line_1_4' title="bbox 149 938 1302 1026; baseline 0.003 -25"><span class='ocrx_word' id='word_1_21' title='bbox 149 939 299 1025; x_wconf 84' lang='lat' dir='ltr'><strong>promereri.</strong></span> <span class='ocrx_word' id='word_1_22' title='bbox 321 939 537 1005; x_wconf 84' lang='lat' dir='ltr'><strong>Desiderantes</strong></span> <span class='ocrx_word' id='word_1_23' title='bbox 558 950 655 1003; x_wconf 89' lang='lat' dir='ltr'><strong>tamen</strong></span> <span class='ocrx_word' id='word_1_24' title='bbox 679 939 808 1003; x_wconf 80' lang='lat' dir='ltr'>reddere</span> <span class='ocrx_word' id='word_1_25' title='bbox 832 938 948 1003; x_wconf 89' lang='lat' dir='ltr'><strong>domino</strong></span> <span class='ocrx_word' id='word_1_26' title='bbox 970 938 1109 1024; x_wconf 88' lang='lat' dir='ltr'><strong>populum</strong></span> <span class='ocrx_word' id='word_1_27' title='bbox 1129 940 1302 1026; x_wconf 90' lang='lat' dir='ltr'><strong>acceptabi-</strong></span> 
     </span>
     <span class='ocr_line' id='line_1_5' title="bbox 149 1046 1302 1133; baseline 0.004 -23"><span class='ocrx_word' id='word_1_28' title='bbox 149 1047 209 1120; x_wconf 89' lang='lat' dir='ltr'><strong>lem,</strong></span> <span class='ocrx_word' id='word_1_29' title='bbox 231 1047 331 1113; x_wconf 84' lang='lat' dir='ltr'><strong>fideles</strong></span> <span class='ocrx_word' id='word_1_30' title='bbox 357 1049 463 1112; x_wconf 88' lang='lat' dir='ltr'><strong>christi</strong></span> <span class='ocrx_word' id='word_1_31' title='bbox 483 1048 519 1112; x_wconf 96' lang='lat' dir='ltr'><strong>ad</strong></span> <span class='ocrx_word' id='word_1_32' title='bbox 537 1047 778 1133; x_wconf 84' lang='lat' dir='ltr'><strong>complacendum</strong></span> <span class='ocrx_word' id='word_1_33' title='bbox 796 1048 839 1120; x_wconf 89' lang='lat' dir='ltr'><strong>ei,</strong></span> <span class='ocrx_word' id='word_1_34' title='bbox 856 1046 1132 1132; x_wconf 86' lang='lat' dir='ltr'><strong>quasiquibusdam</strong></span> <span class='ocrx_word' id='word_1_35' title='bbox 1154 1048 1302 1115; x_wconf 72' lang='lat' dir='ltr'>allectivis</span> 
     </span>
     <span class='ocr_line' id='line_1_6' title="bbox 147 1154 1303 1240; baseline 0.003 -22"><span class='ocrx_word' id='word_1_36' title='bbox 147 1155 306 1227; x_wconf 79' lang='lat' dir='ltr'><strong>nonedbus,</strong></span> <span class='ocrx_word' id='word_1_37' title='bbox 319 1157 515 1240; x_wconf 75' lang='lat' dir='ltr'><strong>indulgentiis</strong></span> <span class='ocrx_word' id='word_1_38' title='bbox 523 1155 666 1221; x_wconf 84' lang='lat' dir='ltr'><strong>videlicet</strong></span> <span class='ocrx_word' id='word_1_39' title='bbox 676 1161 707 1221; x_wconf 91' lang='lat' dir='ltr'><strong>et</strong></span> <span class='ocrx_word' id='word_1_40' title='bbox 719 1154 944 1221; x_wconf 81' lang='lat' dir='ltr'><strong>remissionibus</strong></span> <span class='ocrx_word' id='word_1_41' title='bbox 957 1158 1141 1230; x_wconf 91' lang='lat' dir='ltr'><strong>minutarum,</strong></span> <span class='ocrx_word' id='word_1_42' title='bbox 1153 1163 1186 1221; x_wconf 82' lang='lat' dir='ltr'><strong>st</strong></span> <span class='ocrx_word' id='word_1_43' title='bbox 1197 1158 1303 1223; x_wconf 79' lang='lat' dir='ltr'><strong>exinde</strong></span> 
     </span>
     <span class='ocr_line' id='line_1_7' title="bbox 146 1263 1304 1356; baseline 0.006 -30"><span class='ocrx_word' id='word_1_44' title='bbox 146 1263 288 1329; x_wconf 85' lang='lat' dir='ltr'><strong>reddantur</strong></span> <span class='ocrx_word' id='word_1_45' title='bbox 301 1268 400 1349; x_wconf 84' lang='lat' dir='ltr'><strong>gratie</strong></span> <span class='ocrx_word' id='word_1_46' title='bbox 417 1269 559 1350; x_wconf 79' lang='lat' dir='ltr'><strong>aptiores.</strong></span> <span class='ocrx_word' id='word_1_47' title='bbox 576 1263 737 1350; x_wconf 81' lang='lat' dir='ltr'><strong>Cupientes</strong></span> <span class='ocrx_word' id='word_1_48' title='bbox 750 1265 853 1347; x_wconf 86' lang='lat' dir='ltr'><strong>igitur,</strong></span> <span class='ocrx_word' id='word_1_49' title='bbox 869 1269 900 1327; x_wconf 81' lang='lat' dir='ltr'><strong>vt</strong></span> <span class='ocrx_word' id='word_1_50' title='bbox 915 1265 1049 1330; x_wconf 65' lang='lat' dir='ltr'><strong>acchera</strong></span> <span class='ocrx_word' id='word_1_51' title='bbox 1064 1267 1097 1331; x_wconf 86' lang='lat' dir='ltr'><strong>in</strong></span> <span class='ocrx_word' id='word_1_52' title='bbox 1111 1267 1304 1356; x_wconf 79' lang='lat' dir='ltr'><strong>Nennbarpa</strong></span> 
     </span>
     <span class='ocr_line' id='line_1_8' title="bbox 142 1374 1305 1463; baseline 0.003 -26"><span class='ocrx_word' id='word_1_53' title='bbox 142 1374 318 1460; x_wconf 66' lang='lat' dir='ltr'><strong>patavienses</strong></span> <span class='ocrx_word' id='word_1_54' title='bbox 344 1376 495 1449; x_wconf 81' lang='lat' dir='ltr'><strong>dionesie,</strong></span> <span class='ocrx_word' id='word_1_55' title='bbox 519 1376 572 1441; x_wconf 88' lang='lat' dir='ltr'><strong>obi</strong></span> <span class='ocrx_word' id='word_1_56' title='bbox 596 1378 795 1463; x_wconf 59' lang='lat' dir='ltr'><strong>eoapepatia</strong></span> <span class='ocrx_word' id='word_1_57' title='bbox 822 1374 1018 1439; x_wconf 76' lang='lat' dir='ltr'><strong>dominarum</strong></span> <span class='ocrx_word' id='word_1_58' title='bbox 1044 1376 1101 1440; x_wconf 84' lang='lat' dir='ltr'><strong>dea</strong></span> <span class='ocrx_word' id='word_1_59' title='bbox 1123 1377 1305 1441; x_wconf 57' lang='lat' dir='ltr'><strong>&amp;ratarum</strong></span> 
     </span>
     <span class='ocr_line' id='line_1_9' title="bbox 146 1483 1305 1572; baseline 0.003 -25"><span class='ocrx_word' id='word_1_60' title='bbox 146 1483 249 1556; x_wconf 68' lang='lat' dir='ltr'><strong>metit,</strong></span> <span class='ocrx_word' id='word_1_61' title='bbox 265 1505 323 1570; x_wconf 80' lang='lat' dir='ltr'><strong>pase</strong></span> <span class='ocrx_word' id='word_1_62' title='bbox 338 1486 384 1550; x_wconf 86' lang='lat' dir='ltr'><strong>ad</strong></span> <span class='ocrx_word' id='word_1_63' title='bbox 398 1484 545 1550; x_wconf 69' lang='lat' dir='ltr'><strong>hannem</strong></span> <span class='ocrx_word' id='word_1_64' title='bbox 560 1486 627 1550; x_wconf 82' lang='lat' dir='ltr'><strong>siae</strong></span> <span class='ocrx_word' id='word_1_65' title='bbox 641 1485 765 1549; x_wconf 74' lang='lat' dir='ltr'><strong>laudm</strong></span> <span class='ocrx_word' id='word_1_66' title='bbox 784 1484 870 1549; x_wconf 82' lang='lat' dir='ltr'><strong>beati</strong></span> <span class='ocrx_word' id='word_1_67' title='bbox 882 1484 995 1550; x_wconf 82' lang='lat' dir='ltr'><strong>Jacadi</strong></span> <span class='ocrx_word' id='word_1_68' title='bbox 1007 1485 1153 1572; x_wconf 77' lang='lat' dir='ltr'><strong>Apostoli</strong></span> <span class='ocrx_word' id='word_1_69' title='bbox 1167 1494 1214 1550; x_wconf 85' lang='lat' dir='ltr'><strong>eat</strong></span> <span class='ocrx_word' id='word_1_70' title='bbox 1229 1489 1305 1571; x_wconf 74' lang='lat' dir='ltr'><strong>fan·</strong></span> 
     </span>
     <span class='ocr_line' id='line_1_10' title="bbox 145 1591 1306 1678; baseline 0.003 -22"><span class='ocrx_word' id='word_1_71' title='bbox 145 1592 219 1663; x_wconf 86' lang='lat' dir='ltr'><strong>data,</strong></span> <span class='ocrx_word' id='word_1_72' title='bbox 234 1593 296 1656; x_wconf 86' lang='lat' dir='ltr'><strong>sire</strong></span> <span class='ocrx_word' id='word_1_73' title='bbox 310 1594 353 1657; x_wconf 83' lang='lat' dir='ltr'><strong>de</strong></span> <span class='ocrx_word' id='word_1_74' title='bbox 367 1614 448 1659; x_wconf 86' lang='lat' dir='ltr'><strong>navo</strong></span> <span class='ocrx_word' id='word_1_75' title='bbox 459 1594 644 1678; x_wconf 78' lang='lat' dir='ltr'><strong>fundanda,</strong></span> <span class='ocrx_word' id='word_1_76' title='bbox 661 1593 804 1675; x_wconf 76' lang='lat' dir='ltr'><strong>congruis</strong></span> <span class='ocrx_word' id='word_1_77' title='bbox 821 1591 981 1657; x_wconf 89' lang='lat' dir='ltr'><strong>bonoribus</strong></span> <span class='ocrx_word' id='word_1_78' title='bbox 997 1594 1219 1678; x_wconf 85' lang='lat' dir='ltr'><strong>frequentetur,</strong></span> <span class='ocrx_word' id='word_1_79' title='bbox 1243 1601 1274 1659; x_wconf 92' lang='lat' dir='ltr'><strong>et</strong></span> <span class='ocrx_word' id='word_1_80' title='bbox 1289 1617 1306 1659; x_wconf 91' lang='lat' dir='ltr'><strong>a</strong></span> 
     </span>
     <span class='ocr_line' id='line_1_11' title="bbox 146 1699 1306 1787; baseline 0.004 -23"><span class='ocrx_word' id='word_1_81' title='bbox 146 1701 245 1764; x_wconf 89' lang='lat' dir='ltr'><strong>eunctis</strong></span> <span class='ocrx_word' id='word_1_82' title='bbox 261 1699 374 1765; x_wconf 81' lang='lat' dir='ltr'><strong>Christi</strong></span> <span class='ocrx_word' id='word_1_83' title='bbox 394 1700 530 1767; x_wconf 79' lang='lat' dir='ltr'><strong>fidelibus</strong></span> <span class='ocrx_word' id='word_1_84' title='bbox 544 1703 658 1786; x_wconf 88' lang='lat' dir='ltr'><strong>jugiter</strong></span> <span class='ocrx_word' id='word_1_85' title='bbox 674 1706 844 1774; x_wconf 85' lang='lat' dir='ltr'><strong>veneretur,</strong></span> <span class='ocrx_word' id='word_1_86' title='bbox 862 1701 996 1766; x_wconf 79' lang='lat' dir='ltr'><strong>amnibus</strong></span> <span class='ocrx_word' id='word_1_87' title='bbox 1012 1722 1083 1767; x_wconf 85' lang='lat' dir='ltr'><strong>vere</strong></span> <span class='ocrx_word' id='word_1_88' title='bbox 1105 1703 1306 1787; x_wconf 84' lang='lat' dir='ltr'><strong>penitentibus</strong></span> 
     </span>
     <span class='ocr_line' id='line_1_12' title="bbox 144 1809 1306 1896; baseline 0.004 -24"><span class='ocrx_word' id='word_1_89' title='bbox 144 1814 169 1872; x_wconf 92' lang='lat' dir='ltr'><strong>et</strong></span> <span class='ocrx_word' id='word_1_90' title='bbox 180 1810 330 1882; x_wconf 88' lang='lat' dir='ltr'><strong>confessis,</strong></span> <span class='ocrx_word' id='word_1_91' title='bbox 349 1812 399 1893; x_wconf 91' lang='lat' dir='ltr'><strong>qui</strong></span> <span class='ocrx_word' id='word_1_92' title='bbox 416 1831 505 1874; x_wconf 88' lang='lat' dir='ltr'><strong>causa</strong></span> <span class='ocrx_word' id='word_1_93' title='bbox 522 1811 688 1876; x_wconf 84' lang='lat' dir='ltr'><strong>devotionis</strong></span> <span class='ocrx_word' id='word_1_94' title='bbox 704 1812 734 1873; x_wconf 86' lang='lat' dir='ltr'><strong>in</strong></span> <span class='ocrx_word' id='word_1_95' title='bbox 756 1810 967 1874; x_wconf 81' lang='lat' dir='ltr'><strong>festivitatibus</strong></span> <span class='ocrx_word' id='word_1_96' title='bbox 983 1809 1179 1896; x_wconf 85' lang='lat' dir='ltr'><strong>subscriptis,</strong></span> <span class='ocrx_word' id='word_1_97' title='bbox 1199 1814 1306 1878; x_wconf 79' lang='lat' dir='ltr'><strong>rideli-</strong></span> 
     </span>
     <span class='ocr_line' id='line_1_13' title="bbox 144 1908 1308 2004; baseline 0.003 -23"><span class='ocrx_word' id='word_1_98' title='bbox 144 1922 184 1981; x_wconf 87' lang='lat' dir='ltr'><strong>cet</strong></span> <span class='ocrx_word' id='word_1_99' title='bbox 195 1908 360 1984; x_wconf 77' lang='lat' dir='ltr'><strong>Natiuitatis</strong></span> <span class='ocrx_word' id='word_1_100' title='bbox 377 1919 502 1989; x_wconf 90' lang='lat' dir='ltr'><strong>damini,</strong></span> <span class='ocrx_word' id='word_1_101' title='bbox 517 1939 716 2004; x_wconf 78' lang='lat' dir='ltr'><strong>parasceves,</strong></span> <span class='ocrx_word' id='word_1_102' title='bbox 736 1920 968 1984; x_wconf 88' lang='lat' dir='ltr'><strong>resurrectionis</strong></span> <span class='ocrx_word' id='word_1_103' title='bbox 990 1918 1099 1983; x_wconf 90' lang='lat' dir='ltr'><strong>domini</strong></span> <span class='ocrx_word' id='word_1_104' title='bbox 1119 1921 1212 1985; x_wconf 86' lang='lat' dir='ltr'><strong>nostri</strong></span> <span class='ocrx_word' id='word_1_105' title='bbox 1234 1922 1308 1986; x_wconf 82' lang='lat' dir='ltr'><strong>lesu</strong></span> 
     </span>
     <span class='ocr_line' id='line_1_14' title="bbox 146 2025 1309 2113; baseline 0.005 -24"><span class='ocrx_word' id='word_1_106' title='bbox 146 2025 259 2100; x_wconf 80' lang='lat' dir='ltr'><strong>Christi,</strong></span> <span class='ocrx_word' id='word_1_107' title='bbox 280 2033 420 2112; x_wconf 86' lang='lat' dir='ltr'><strong>ternpore</strong></span> <span class='ocrx_word' id='word_1_108' title='bbox 436 2031 631 2111; x_wconf 87' lang='lat' dir='ltr'><strong>rogationum,</strong></span> <span class='ocrx_word' id='word_1_109' title='bbox 648 2029 849 2100; x_wconf 78' lang='lat' dir='ltr'><strong>Ascensionis,</strong></span> <span class='ocrx_word' id='word_1_110' title='bbox 862 2036 1063 2113; x_wconf 88' lang='lat' dir='ltr'><strong>pentecostes,</strong></span> <span class='ocrx_word' id='word_1_111' title='bbox 1080 2030 1156 2094; x_wconf 90' lang='lat' dir='ltr'><strong>etin</strong></span> <span class='ocrx_word' id='word_1_112' title='bbox 1173 2031 1309 2095; x_wconf 90' lang='lat' dir='ltr'><strong>omnibus</strong></span> 
     </span>
     <span class='ocr_line' id='line_1_15' title="bbox 146 2135 1309 2221; baseline 0.004 -22"><span class='ocrx_word' id='word_1_113' title='bbox 146 2135 237 2202; x_wconf 90' lang='lat' dir='ltr'><strong>diebus</strong></span> <span class='ocrx_word' id='word_1_114' title='bbox 253 2138 414 2202; x_wconf 88' lang='lat' dir='ltr'><strong>dominicis</strong></span> <span class='ocrx_word' id='word_1_115' title='bbox 431 2140 505 2202; x_wconf 92' lang='lat' dir='ltr'><strong>etin</strong></span> <span class='ocrx_word' id='word_1_116' title='bbox 522 2139 656 2203; x_wconf 89' lang='lat' dir='ltr'><strong>omnibus</strong></span> <span class='ocrx_word' id='word_1_117' title='bbox 672 2139 758 2203; x_wconf 87' lang='lat' dir='ltr'><strong>festis</strong></span> <span class='ocrx_word' id='word_1_118' title='bbox 775 2138 863 2202; x_wconf 91' lang='lat' dir='ltr'><strong>beate</strong></span> <span class='ocrx_word' id='word_1_119' title='bbox 875 2138 1008 2221; x_wconf 83' lang='lat' dir='ltr'><strong>Virginis</strong></span> <span class='ocrx_word' id='word_1_120' title='bbox 1021 2139 1124 2212; x_wconf 86' lang='lat' dir='ltr'><strong>ldarie,</strong></span> <span class='ocrx_word' id='word_1_121' title='bbox 1141 2150 1172 2205; x_wconf 92' lang='lat' dir='ltr'><strong>et</strong></span> <span class='ocrx_word' id='word_1_122' title='bbox 1186 2141 1216 2204; x_wconf 92' lang='lat' dir='ltr'><strong>in</strong></span> <span class='ocrx_word' id='word_1_123' title='bbox 1232 2143 1309 2205; x_wconf 88' lang='lat' dir='ltr'><strong>festo</strong></span> 
     </span>
     <span class='ocr_line' id='line_1_16' title="bbox 144 2243 1311 2333; baseline 0.003 -25"><span class='ocrx_word' id='word_1_124' title='bbox 144 2243 213 2309; x_wconf 85' lang='lat' dir='ltr'><strong>besti</strong></span> <span class='ocrx_word' id='word_1_125' title='bbox 228 2247 387 2313; x_wconf 72' lang='lat' dir='ltr'><strong>Michaelis</strong></span> <span class='ocrx_word' id='word_1_126' title='bbox 408 2247 583 2329; x_wconf 78' lang='lat' dir='ltr'><strong>archangeli</strong></span> <span class='ocrx_word' id='word_1_127' title='bbox 604 2255 635 2313; x_wconf 87' lang='lat' dir='ltr'><strong>et</strong></span> <span class='ocrx_word' id='word_1_128' title='bbox 650 2247 801 2312; x_wconf 89' lang='lat' dir='ltr'><strong>beatorum</strong></span> <span class='ocrx_word' id='word_1_129' title='bbox 821 2248 967 2312; x_wconf 87' lang='lat' dir='ltr'><strong>lobannis</strong></span> <span class='ocrx_word' id='word_1_130' title='bbox 983 2246 1112 2333; x_wconf 86' lang='lat' dir='ltr'><strong>baptiste</strong></span> <span class='ocrx_word' id='word_1_131' title='bbox 1128 2254 1158 2313; x_wconf 97' lang='lat' dir='ltr'><strong>et</strong></span> <span class='ocrx_word' id='word_1_132' title='bbox 1179 2269 1311 2333; x_wconf 77' lang='lat' dir='ltr'><strong>evange·</strong></span> 
     </span>
     <span class='ocr_line' id='line_1_17' title="bbox 143 2354 1313 2441; baseline 0.004 -24"><span class='ocrx_word' id='word_1_133' title='bbox 143 2355 216 2427; x_wconf 88' lang='lat' dir='ltr'><strong>liste,</strong></span> <span class='ocrx_word' id='word_1_134' title='bbox 237 2357 314 2419; x_wconf 89' lang='lat' dir='ltr'><strong>etin</strong></span> <span class='ocrx_word' id='word_1_135' title='bbox 331 2357 420 2421; x_wconf 90' lang='lat' dir='ltr'><strong>festis</strong></span> <span class='ocrx_word' id='word_1_136' title='bbox 437 2360 564 2421; x_wconf 84' lang='lat' dir='ltr'><strong>amnium</strong></span> <span class='ocrx_word' id='word_1_137' title='bbox 586 2358 804 2441; x_wconf 88' lang='lat' dir='ltr'><strong>apostolorum,</strong></span> <span class='ocrx_word' id='word_1_138' title='bbox 827 2356 982 2433; x_wconf 84' lang='lat' dir='ltr'><strong>beatorum</strong></span> <span class='ocrx_word' id='word_1_139' title='bbox 1001 2354 1152 2430; x_wconf 88' lang='lat' dir='ltr'><strong>Nicholai‚</strong></span> <span class='ocrx_word' id='word_1_140' title='bbox 1175 2358 1313 2422; x_wconf 90' lang='lat' dir='ltr'><strong>laurentii</strong></span> 
     </span>
     <span class='ocr_line' id='line_1_18' title="bbox 144 2464 1312 2550; baseline 0.003 -24"><span class='ocrx_word' id='word_1_141' title='bbox 144 2471 168 2526; x_wconf 90' lang='lat' dir='ltr'><strong>ct</strong></span> <span class='ocrx_word' id='word_1_142' title='bbox 181 2464 312 2536; x_wconf 84' lang='lat' dir='ltr'><strong>llartini,</strong></span> <span class='ocrx_word' id='word_1_143' title='bbox 330 2466 484 2530; x_wconf 89' lang='lat' dir='ltr'><strong>beatarum</strong></span> <span class='ocrx_word' id='word_1_144' title='bbox 506 2466 600 2530; x_wconf 86' lang='lat' dir='ltr'><strong>hlarie</strong></span> <span class='ocrx_word' id='word_1_145' title='bbox 625 2466 819 2550; x_wconf 83' lang='lat' dir='ltr'><strong>llagdalene,</strong></span> <span class='ocrx_word' id='word_1_146' title='bbox 843 2466 1013 2548; x_wconf 80' lang='lat' dir='ltr'><strong>Margarete</strong></span> <span class='ocrx_word' id='word_1_147' title='bbox 1029 2472 1060 2530; x_wconf 93' lang='lat' dir='ltr'><strong>et</strong></span> <span class='ocrx_word' id='word_1_148' title='bbox 1083 2465 1213 2541; x_wconf 84' lang='lat' dir='ltr'><strong>Cecilie,</strong></span> <span class='ocrx_word' id='word_1_149' title='bbox 1237 2472 1267 2532; x_wconf 89' lang='lat' dir='ltr'><strong>et</strong></span> <span class='ocrx_word' id='word_1_150' title='bbox 1282 2469 1312 2531; x_wconf 94' lang='lat' dir='ltr'><strong>in</strong></span> 
     </span>
     <span class='ocr_line' id='line_1_19' title="bbox 141 2573 1310 2660; baseline 0.003 -24"><span class='ocrx_word' id='word_1_151' title='bbox 141 2573 206 2637; x_wconf 87' lang='lat' dir='ltr'><strong>festo</strong></span> <span class='ocrx_word' id='word_1_152' title='bbox 217 2576 348 2637; x_wconf 91' lang='lat' dir='ltr'><strong>omnium</strong></span> <span class='ocrx_word' id='word_1_153' title='bbox 361 2578 541 2651; x_wconf 87' lang='lat' dir='ltr'><strong>sanctorum,</strong></span> <span class='ocrx_word' id='word_1_154' title='bbox 554 2580 584 2639; x_wconf 89' lang='lat' dir='ltr'><strong>et</strong></span> <span class='ocrx_word' id='word_1_155' title='bbox 595 2577 626 2638; x_wconf 90' lang='lat' dir='ltr'><strong>in</strong></span> <span class='ocrx_word' id='word_1_156' title='bbox 640 2575 774 2639; x_wconf 91' lang='lat' dir='ltr'><strong>omnibus</strong></span> <span class='ocrx_word' id='word_1_157' title='bbox 787 2573 1026 2639; x_wconf 78' lang='lat' dir='ltr'><strong>dedicationibus</strong></span> <span class='ocrx_word' id='word_1_158' title='bbox 1039 2577 1156 2660; x_wconf 91' lang='lat' dir='ltr'><strong>prefate</strong></span> <span class='ocrx_word' id='word_1_159' title='bbox 1169 2575 1310 2648; x_wconf 90' lang='lat' dir='ltr'><strong>ecclesie,</strong></span> 
     </span>
     <span class='ocr_line' id='line_1_20' title="bbox 140 2684 1311 2772; baseline 0.003 -24"><span class='ocrx_word' id='word_1_160' title='bbox 140 2688 165 2748; x_wconf 90' lang='lat' dir='ltr'><strong>et</strong></span> <span class='ocrx_word' id='word_1_161' title='bbox 177 2704 228 2768; x_wconf 90' lang='lat' dir='ltr'><strong>per</strong></span> <span class='ocrx_word' id='word_1_162' title='bbox 241 2691 368 2748; x_wconf 83' lang='lat' dir='ltr'><strong>octavas</strong></span> <span class='ocrx_word' id='word_1_163' title='bbox 384 2684 581 2769; x_wconf 86' lang='lat' dir='ltr'><strong>predictarum</strong></span> <span class='ocrx_word' id='word_1_164' title='bbox 598 2686 790 2749; x_wconf 78' lang='lat' dir='ltr'><strong>festivitatum</strong></span> <span class='ocrx_word' id='word_1_165' title='bbox 806 2685 935 2750; x_wconf 84' lang='lat' dir='ltr'><strong>Octaras</strong></span> <span class='ocrx_word' id='word_1_166' title='bbox 950 2685 1132 2760; x_wconf 86' lang='lat' dir='ltr'><strong>habentium,</strong></span> <span class='ocrx_word' id='word_1_167' title='bbox 1153 2687 1191 2751; x_wconf 91' lang='lat' dir='ltr'><strong>ad</strong></span> <span class='ocrx_word' id='word_1_168' title='bbox 1207 2687 1311 2772; x_wconf 86' lang='lat' dir='ltr'><strong>prefa-</strong></span> 
     </span>
     <span class='ocr_line' id='line_1_21' title="bbox 142 2792 1313 2881; baseline 0.002 -25"><span class='ocrx_word' id='word_1_169' title='bbox 142 2799 190 2856; x_wconf 87' lang='lat' dir='ltr'><strong>tam</strong></span> <span class='ocrx_word' id='word_1_170' title='bbox 206 2792 366 2858; x_wconf 83' lang='lat' dir='ltr'><strong>eeclesiam</strong></span> <span class='ocrx_word' id='word_1_171' title='bbox 382 2796 580 2866; x_wconf 69' lang='lat' dir='ltr'><strong>scansorint,</strong></span> <span class='ocrx_word' id='word_1_172' title='bbox 596 2800 628 2857; x_wconf 90' lang='lat' dir='ltr'><strong>et</strong></span> <span class='ocrx_word' id='word_1_173' title='bbox 636 2792 747 2858; x_wconf 90' lang='lat' dir='ltr'><strong>ibidem</strong></span> <span class='ocrx_word' id='word_1_174' title='bbox 763 2794 891 2858; x_wconf 83' lang='lat' dir='ltr'><strong>divinum</strong></span> <span class='ocrx_word' id='word_1_175' title='bbox 909 2795 1048 2867; x_wconf 84' lang='lat' dir='ltr'><strong>odicium,</strong></span> <span class='ocrx_word' id='word_1_176' title='bbox 1061 2815 1114 2858; x_wconf 89' lang='lat' dir='ltr'><strong>seu</strong></span> <span class='ocrx_word' id='word_1_177' title='bbox 1130 2796 1313 2881; x_wconf 90' lang='lat' dir='ltr'><strong>predicatio·</strong></span> 
     </span>
     <span class='ocr_line' id='line_1_22' title="bbox 141 2902 1316 2990; baseline 0.001 -24"><span class='ocrx_word' id='word_1_178' title='bbox 141 2922 198 2966; x_wconf 91' lang='lat' dir='ltr'><strong>uem</strong></span> <span class='ocrx_word' id='word_1_179' title='bbox 213 2902 272 2976; x_wconf 89' lang='lat' dir='ltr'><strong>dei,</strong></span> <span class='ocrx_word' id='word_1_180' title='bbox 289 2903 396 2966; x_wconf 89' lang='lat' dir='ltr'><strong>matris</strong></span> <span class='ocrx_word' id='word_1_181' title='bbox 411 2903 476 2985; x_wconf 85' lang='lat' dir='ltr'><strong>ejus</strong></span> <span class='ocrx_word' id='word_1_182' title='bbox 492 2922 528 2965; x_wconf 88' lang='lat' dir='ltr'><strong>aa</strong></span> <span class='ocrx_word' id='word_1_183' title='bbox 544 2903 666 2966; x_wconf 90' lang='lat' dir='ltr'><strong>aliorum</strong></span> <span class='ocrx_word' id='word_1_184' title='bbox 677 2909 847 2967; x_wconf 70' lang='lat' dir='ltr'><strong>mncnrum</strong></span> <span class='ocrx_word' id='word_1_185' title='bbox 858 2906 887 2965; x_wconf 92' lang='lat' dir='ltr'><strong>in</strong></span> <span class='ocrx_word' id='word_1_186' title='bbox 905 2903 1114 2969; x_wconf 75' lang='lat' dir='ltr'><strong>festivitatibus</strong></span> <span class='ocrx_word' id='word_1_187' title='bbox 1127 2906 1316 2990; x_wconf 90' lang='lat' dir='ltr'><strong>suprascrip·</strong></span> 
     </span>
     <span class='ocr_line' id='line_1_23' title="bbox 145 2995 1315 3103; baseline 0.004 -28"><span class='ocrx_word' id='word_1_188' title='bbox 145 3012 179 3076; x_wconf 90' lang='lat' dir='ltr'><strong>tis</strong></span> <span class='ocrx_word' id='word_1_189' title='bbox 193 3013 300 3077; x_wconf 83' lang='lat' dir='ltr'><strong>devote</strong></span> <span class='ocrx_word' id='word_1_190' title='bbox 318 3011 473 3085; x_wconf 81' lang='lat' dir='ltr'><strong>audierint,</strong></span> <span class='ocrx_word' id='word_1_191' title='bbox 489 3010 537 3075; x_wconf 84' lang='lat' dir='ltr'><strong>vel</strong></span> <span class='ocrx_word' id='word_1_192' title='bbox 559 3013 615 3100; x_wconf 87' lang='lat' dir='ltr'><strong>qni</strong></span> <span class='ocrx_word' id='word_1_193' title='bbox 632 3020 799 3101; x_wconf 85' lang='lat' dir='ltr'><strong>prenotate</strong></span> <span class='ocrx_word' id='word_1_194' title='bbox 813 2995 944 3078; x_wconf 67' lang='lat' dir='ltr'><strong>enebris</strong></span> <span class='ocrx_word' id='word_1_195' title='bbox 954 3013 1078 3098; x_wconf 59' lang='lat' dir='ltr'><strong>[abdce</strong></span> <span class='ocrx_word' id='word_1_196' title='bbox 1100 3015 1315 3103; x_wconf 79' lang='lat' dir='ltr'><strong>reparationi-</strong></span> 
     </span>
     <span class='ocr_line' id='line_1_24' title="bbox 142 3111 1314 3196; baseline 0.003 -9"><span class='ocrx_word' id='word_1_197' title='bbox 142 3123 202 3193; x_wconf 85' lang='lat' dir='ltr'><strong>lus.</strong></span> <span class='ocrx_word' id='word_1_198' title='bbox 231 3123 545 3195; x_wconf 69' lang='lat' dir='ltr'><strong>casanatensem,</strong></span> <span class='ocrx_word' id='word_1_199' title='bbox 569 3111 763 3195; x_wconf 63' lang='lat' dir='ltr'><strong>faranariis,</strong></span> <span class='ocrx_word' id='word_1_200' title='bbox 787 3124 894 3195; x_wconf 74' lang='lat' dir='ltr'><strong>libris,</strong></span> <span class='ocrx_word' id='word_1_201' title='bbox 917 3125 1123 3196; x_wconf 62' lang='lat' dir='ltr'><strong>noanneane,</strong></span> <span class='ocrx_word' id='word_1_202' title='bbox 1155 3126 1314 3196; x_wconf 69' lang='lat' dir='ltr'><strong>calicibas,</strong></span> 
     </span>
     <span class='ocr_line' id='line_1_25' title="bbox 143 3231 1315 3321; baseline 0.003 -26"><span class='ocrx_word' id='word_1_203' title='bbox 143 3231 309 3318; x_wconf 81' lang='lat' dir='ltr'><strong>eaanpanis,</strong></span> <span class='ocrx_word' id='word_1_204' title='bbox 326 3231 477 3296; x_wconf 61' lang='lat' dir='ltr'><strong>aaaron</strong></span> <span class='ocrx_word' id='word_1_205' title='bbox 492 3232 693 3302; x_wconf 75' lang='lat' dir='ltr'><strong>omamernin</strong></span> <span class='ocrx_word' id='word_1_206' title='bbox 715 3253 772 3297; x_wconf 85' lang='lat' dir='ltr'><strong>saar</strong></span> <span class='ocrx_word' id='word_1_207' title='bbox 787 3232 862 3297; x_wconf 80' lang='lat' dir='ltr'><strong>aliis</strong></span> <span class='ocrx_word' id='word_1_208' title='bbox 876 3234 1064 3298; x_wconf 84' lang='lat' dir='ltr'><strong>necessariis</strong></span> <span class='ocrx_word' id='word_1_209' title='bbox 1078 3255 1188 3297; x_wconf 82' lang='lat' dir='ltr'><strong>manas</strong></span> <span class='ocrx_word' id='word_1_210' title='bbox 1200 3255 1315 3321; x_wconf 86' lang='lat' dir='ltr'><strong>parre·</strong></span> 
     </span>
     <span class='ocr_line' id='line_1_26' title="bbox 143 3339 1317 3427; baseline 0.005 -26"><span class='ocrx_word' id='word_1_211' title='bbox 143 3340 245 3403; x_wconf 76' lang='lat' dir='ltr'><strong>serint</strong></span> <span class='ocrx_word' id='word_1_212' title='bbox 275 3339 464 3423; x_wconf 66' lang='lat' dir='ltr'><strong>adjurare,</strong></span> <span class='ocrx_word' id='word_1_213' title='bbox 486 3340 539 3403; x_wconf 83' lang='lat' dir='ltr'><strong>rel</strong></span> <span class='ocrx_word' id='word_1_214' title='bbox 559 3339 724 3427; x_wconf 81' lang='lat' dir='ltr'><strong>paiaqnam</strong></span> <span class='ocrx_word' id='word_1_215' title='bbox 744 3342 931 3424; x_wconf 67' lang='lat' dir='ltr'><strong>sanitatem</strong></span> <span class='ocrx_word' id='word_1_216' title='bbox 953 3363 1080 3406; x_wconf 79' lang='lat' dir='ltr'><strong>nuaram</strong></span> <span class='ocrx_word' id='word_1_217' title='bbox 1110 3343 1144 3406; x_wconf 87' lang='lat' dir='ltr'><strong>in</strong></span> <span class='ocrx_word' id='word_1_218' title='bbox 1166 3343 1317 3408; x_wconf 77' lang='lat' dir='ltr'><strong>extremis</strong></span> 
     </span>
     <span class='ocr_line' id='line_1_27' title="bbox 143 3447 1318 3540; baseline 0.003 -28"><span class='ocrx_word' id='word_1_219' title='bbox 143 3447 235 3512; x_wconf 79' lang='lat' dir='ltr'><strong>cidens</strong></span> <span class='ocrx_word' id='word_1_220' title='bbox 250 3449 385 3514; x_wconf 85' lang='lat' dir='ltr'><strong>ecclesie</strong></span> <span class='ocrx_word' id='word_1_221' title='bbox 400 3449 583 3536; x_wconf 72' lang='lat' dir='ltr'><strong>legaverint,</strong></span> <span class='ocrx_word' id='word_1_222' title='bbox 599 3450 795 3519; x_wconf 72' lang='lat' dir='ltr'><strong>damnarint,</strong></span> <span class='ocrx_word' id='word_1_223' title='bbox 809 3451 962 3522; x_wconf 65' lang='lat' dir='ltr'><strong>miserim,</strong></span> <span class='ocrx_word' id='word_1_224' title='bbox 972 3473 1035 3539; x_wconf 87' lang='lat' dir='ltr'><strong>per</strong></span> <span class='ocrx_word' id='word_1_225' title='bbox 1050 3473 1084 3515; x_wconf 88' lang='lat' dir='ltr'><strong>se</strong></span> <span class='ocrx_word' id='word_1_226' title='bbox 1098 3452 1150 3515; x_wconf 86' lang='lat' dir='ltr'><strong>vel</strong></span> <span class='ocrx_word' id='word_1_227' title='bbox 1160 3474 1223 3540; x_wconf 89' lang='lat' dir='ltr'><strong>per</strong></span> <span class='ocrx_word' id='word_1_228' title='bbox 1238 3453 1318 3517; x_wconf 87' lang='lat' dir='ltr'><strong>alios</strong></span> 
     </span>
     <span class='ocr_line' id='line_1_28' title="bbox 145 3558 1318 3649; baseline 0.003 -27"><span class='ocrx_word' id='word_1_229' title='bbox 145 3558 236 3622; x_wconf 81' lang='lat' dir='ltr'><strong>sidera</strong></span> <span class='ocrx_word' id='word_1_230' title='bbox 251 3579 444 3645; x_wconf 82' lang='lat' dir='ltr'><strong>puoeampae</strong></span> <span class='ocrx_word' id='word_1_231' title='bbox 464 3560 553 3623; x_wconf 85' lang='lat' dir='ltr'><strong>modo</strong></span> <span class='ocrx_word' id='word_1_232' title='bbox 570 3559 655 3625; x_wconf 80' lang='lat' dir='ltr'><strong>licita</strong></span> <span class='ocrx_word' id='word_1_233' title='bbox 667 3561 928 3648; x_wconf 71' lang='lat' dir='ltr'><strong>procuraverint,</strong></span> <span class='ocrx_word' id='word_1_234' title='bbox 951 3562 1017 3624; x_wconf 82' lang='lat' dir='ltr'><strong>sive</strong></span> <span class='ocrx_word' id='word_1_235' title='bbox 1033 3582 1223 3649; x_wconf 66' lang='lat' dir='ltr'><strong>pacemque</strong></span> <span class='ocrx_word' id='word_1_236' title='bbox 1245 3571 1318 3626; x_wconf 87' lang='lat' dir='ltr'><strong>tern-</strong></span> 
     </span>
     <span class='ocr_line' id='line_1_29' title="bbox 143 3668 1320 3757; baseline 0.003 -26"><span class='ocrx_word' id='word_1_237' title='bbox 143 3688 217 3752; x_wconf 88' lang='lat' dir='ltr'><strong>pore</strong></span> <span class='ocrx_word' id='word_1_238' title='bbox 231 3668 313 3733; x_wconf 85' lang='lat' dir='ltr'><strong>anna‘</strong></span> <span class='ocrx_word' id='word_1_239' title='bbox 331 3668 489 3754; x_wconf 78' lang='lat' dir='ltr'><strong>stipantes</strong></span> <span class='ocrx_word' id='word_1_240' title='bbox 512 3670 684 3734; x_wconf 66' lang='lat' dir='ltr'><strong>abianones</strong></span> <span class='ocrx_word' id='word_1_241' title='bbox 707 3670 806 3734; x_wconf 62' lang='lat' dir='ltr'><strong>Mem</strong></span> <span class='ocrx_word' id='word_1_242' title='bbox 825 3671 955 3735; x_wconf 70' lang='lat' dir='ltr'><strong>eeekne</strong></span> <span class='ocrx_word' id='word_1_243' title='bbox 971 3671 1129 3757; x_wconf 79' lang='lat' dir='ltr'><strong>prelibata</strong></span> <span class='ocrx_word' id='word_1_244' title='bbox 1144 3671 1320 3736; x_wconf 77' lang='lat' dir='ltr'><strong>Karitatioe</strong></span> 
     </span>
     <span class='ocr_line' id='line_1_30' title="bbox 147 3775 1320 3863; baseline 0 -20"><span class='ocrx_word' id='word_1_245' title='bbox 147 3778 345 3848; x_wconf 63' lang='lat' dir='ltr'><strong>martae,</strong></span> <span class='ocrx_word' id='word_1_246' title='bbox 373 3776 434 3839; x_wconf 89' lang='lat' dir='ltr'><strong>Nos</strong></span> <span class='ocrx_word' id='word_1_247' title='bbox 457 3775 495 3840; x_wconf 92' lang='lat' dir='ltr'><strong>de</strong></span> <span class='ocrx_word' id='word_1_248' title='bbox 511 3778 719 3862; x_wconf 84' lang='lat' dir='ltr'><strong>omnipotentis</strong></span> <span class='ocrx_word' id='word_1_249' title='bbox 739 3779 787 3843; x_wconf 89' lang='lat' dir='ltr'><strong>dai</strong></span> <span class='ocrx_word' id='word_1_250' title='bbox 804 3779 1024 3852; x_wconf 88' lang='lat' dir='ltr'><strong>misericordia,</strong></span> <span class='ocrx_word' id='word_1_251' title='bbox 1046 3780 1180 3863; x_wconf 81' lang='lat' dir='ltr'><strong>gloriose</strong></span> <span class='ocrx_word' id='word_1_252' title='bbox 1201 3801 1320 3863; x_wconf 84' lang='lat' dir='ltr'><strong>semper</strong></span> 
     </span>
     <span class='ocr_line' id='line_1_31' title="bbox 148 3884 1319 3972; baseline 0.004 -25"><span class='ocrx_word' id='word_1_253' title='bbox 148 3885 267 3967; x_wconf 78' lang='lat' dir='ltr'><strong>virginis</strong></span> <span class='ocrx_word' id='word_1_254' title='bbox 291 3885 402 3956; x_wconf 81' lang='lat' dir='ltr'><strong>ldarie,</strong></span> <span class='ocrx_word' id='word_1_255' title='bbox 423 3884 575 3950; x_wconf 88' lang='lat' dir='ltr'><strong>beatarum</strong></span> <span class='ocrx_word' id='word_1_256' title='bbox 591 3889 670 3971; x_wconf 91' lang='lat' dir='ltr'><strong>petri</strong></span> <span class='ocrx_word' id='word_1_257' title='bbox 695 3893 726 3951; x_wconf 90' lang='lat' dir='ltr'><strong>et</strong></span> <span class='ocrx_word' id='word_1_258' title='bbox 741 3888 820 3971; x_wconf 90' lang='lat' dir='ltr'><strong>pauli</strong></span> <span class='ocrx_word' id='word_1_259' title='bbox 843 3887 1041 3972; x_wconf 92' lang='lat' dir='ltr'><strong>apostolorum</strong></span> <span class='ocrx_word' id='word_1_260' title='bbox 1057 3889 1122 3951; x_wconf 90' lang='lat' dir='ltr'><strong>eius</strong></span> <span class='ocrx_word' id='word_1_261' title='bbox 1143 3891 1319 3953; x_wconf 88' lang='lat' dir='ltr'><strong>auctoritate</strong></span> 
     </span>
     <span class='ocr_line' id='line_1_32' title="bbox 148 3992 1321 4083; baseline 0.005 -26"><span class='ocrx_word' id='word_1_262' title='bbox 148 3995 245 4057; x_wconf 81' lang='lat' dir='ltr'><strong>contisi</strong></span> <span class='ocrx_word' id='word_1_263' title='bbox 260 3992 370 4074; x_wconf 89' lang='lat' dir='ltr'><strong>singuli</strong></span> <span class='ocrx_word' id='word_1_264' title='bbox 385 3992 437 4056; x_wconf 85' lang='lat' dir='ltr'><strong>Xb</strong></span> <span class='ocrx_word' id='word_1_265' title='bbox 459 3994 524 4059; x_wconf 92' lang='lat' dir='ltr'><strong>dies</strong></span> <span class='ocrx_word' id='word_1_266' title='bbox 542 3994 580 4059; x_wconf 94' lang='lat' dir='ltr'><strong>de</strong></span> <span class='ocrx_word' id='word_1_267' title='bbox 595 3996 735 4060; x_wconf 90' lang='lat' dir='ltr'><strong>iniunctis</strong></span> <span class='ocrx_word' id='word_1_268' title='bbox 757 3996 815 4060; x_wconf 87' lang='lat' dir='ltr'><strong>sibi</strong></span> <span class='ocrx_word' id='word_1_269' title='bbox 831 3997 1018 4083; x_wconf 86' lang='lat' dir='ltr'><strong>penitentiis,</strong></span> <span class='ocrx_word' id='word_1_270' title='bbox 1043 3997 1205 4062; x_wconf 84' lang='lat' dir='ltr'><strong>dummodo</strong></span> <span class='ocrx_word' id='word_1_271' title='bbox 1221 3999 1266 4062; x_wconf 82' lang='lat' dir='ltr'><strong>ad</strong></span> <span class='ocrx_word' id='word_1_272' title='bbox 1285 3999 1321 4063; x_wconf 83' lang='lat' dir='ltr'><strong>id</strong></span> 
     </span>
     <span class='ocr_line' id='line_1_33' title="bbox 149 4103 1321 4176; baseline 0.003 -9"><span class='ocrx_word' id='word_1_273' title='bbox 149 4103 329 4168; x_wconf 85' lang='lat' dir='ltr'><strong>diocesanns</strong></span> <span class='ocrx_word' id='word_1_274' title='bbox 346 4104 547 4176; x_wconf 75' lang='lat' dir='ltr'><strong>emerserit,</strong></span> <span class='ocrx_word' id='word_1_275' title='bbox 565 4103 798 4169; x_wconf 89' lang='lat' dir='ltr'><strong>misericorditer</strong></span> <span class='ocrx_word' id='word_1_276' title='bbox 813 4105 841 4167; x_wconf 94' lang='lat' dir='ltr'><strong>in</strong></span> <span class='ocrx_word' id='word_1_277' title='bbox 859 4105 976 4169; x_wconf 89' lang='lat' dir='ltr'><strong>damino</strong></span> <span class='ocrx_word' id='word_1_278' title='bbox 992 4104 1167 4169; x_wconf 81' lang='lat' dir='ltr'><strong>relaxamus.</strong></span> <span class='ocrx_word' id='word_1_279' title='bbox 1187 4106 1218 4169; x_wconf 91' lang='lat' dir='ltr'><strong>ln</strong></span> <span class='ocrx_word' id='word_1_280' title='bbox 1237 4105 1321 4171; x_wconf 90' lang='lat' dir='ltr'><strong>cuius</strong></span> 
     </span>
     <span class='ocr_line' id='line_1_34' title="bbox 149 4212 1319 4299; baseline 0.004 -25"><span class='ocrx_word' id='word_1_281' title='bbox 149 4213 190 4274; x_wconf 88' lang='lat' dir='ltr'><strong>rei</strong></span> <span class='ocrx_word' id='word_1_282' title='bbox 211 4212 409 4276; x_wconf 86' lang='lat' dir='ltr'><strong>testimonium</strong></span> <span class='ocrx_word' id='word_1_283' title='bbox 437 4215 572 4297; x_wconf 90' lang='lat' dir='ltr'><strong>presenti</strong></span> <span class='ocrx_word' id='word_1_284' title='bbox 595 4213 708 4299; x_wconf 89' lang='lat' dir='ltr'><strong>scripto</strong></span> <span class='ocrx_word' id='word_1_285' title='bbox 732 4212 840 4294; x_wconf 87' lang='lat' dir='ltr'><strong>Sigilla</strong></span> <span class='ocrx_word' id='word_1_286' title='bbox 862 4222 963 4277; x_wconf 89' lang='lat' dir='ltr'><strong>nostra</strong></span> <span class='ocrx_word' id='word_1_287' title='bbox 986 4214 1185 4297; x_wconf 87' lang='lat' dir='ltr'><strong>apposuimus.</strong></span> <span class='ocrx_word' id='word_1_288' title='bbox 1213 4216 1319 4279; x_wconf 85' lang='lat' dir='ltr'><strong>Datum</strong></span> 
     </span>
     <span class='ocr_line' id='line_1_35' title="bbox 150 4320 1320 4408; baseline 0.004 -25"><span class='ocrx_word' id='word_1_289' title='bbox 150 4321 240 4385; x_wconf 85' lang='lat' dir='ltr'><strong>Rmne</strong></span> <span class='ocrx_word' id='word_1_290' title='bbox 254 4323 335 4385; x_wconf 76' lang='lat' dir='ltr'><strong>Anno</strong></span> <span class='ocrx_word' id='word_1_291' title='bbox 351 4322 462 4386; x_wconf 90' lang='lat' dir='ltr'><strong>domini</strong></span> <span class='ocrx_word' id='word_1_292' title='bbox 477 4320 634 4386; x_wconf 85' lang='lat' dir='ltr'><strong>millesimo</strong></span> <span class='ocrx_word' id='word_1_293' title='bbox 651 4322 853 4388; x_wconf 87' lang='lat' dir='ltr'><strong>ducentesimo</strong></span> <span class='ocrx_word' id='word_1_294' title='bbox 869 4324 1060 4407; x_wconf 88' lang='lat' dir='ltr'><strong>nonagesimo</strong></span> <span class='ocrx_word' id='word_1_295' title='bbox 1084 4326 1185 4408; x_wconf 89' lang='lat' dir='ltr'><strong>quinto</strong></span> <span class='ocrx_word' id='word_1_296' title='bbox 1201 4324 1320 4408; x_wconf 86' lang='lat' dir='ltr'><strong>pontifi·</strong></span> 
     </span>
     <span class='ocr_line' id='line_1_36' title="bbox 151 4429 932 4517; baseline 0.005 -27"><span class='ocrx_word' id='word_1_297' title='bbox 151 4433 230 4494; x_wconf 86' lang='lat' dir='ltr'><strong>aatus</strong></span> <span class='ocrx_word' id='word_1_298' title='bbox 245 4431 353 4496; x_wconf 90' lang='lat' dir='ltr'><strong>domini</strong></span> <span class='ocrx_word' id='word_1_299' title='bbox 370 4429 511 4495; x_wconf 90' lang='lat' dir='ltr'><strong>bonifacii</strong></span> <span class='ocrx_word' id='word_1_300' title='bbox 527 4452 605 4516; x_wconf 89' lang='lat' dir='ltr'><strong>pape</strong></span> <span class='ocrx_word' id='word_1_301' title='bbox 621 4433 719 4497; x_wconf 71' lang='lat' dir='ltr'><strong>actam</strong></span> <span class='ocrx_word' id='word_1_302' title='bbox 733 4452 810 4497; x_wconf 90' lang='lat' dir='ltr'><strong>auno</strong></span> <span class='ocrx_word' id='word_1_303' title='bbox 825 4432 932 4517; x_wconf 87' lang='lat' dir='ltr'><strong>primo.</strong></span> 
     </span>
    </p>
   </div>
   <div class='ocr_carea' id='block_1_3' title="bbox 154 4574 1321 4738">
    <p class='ocr_par' dir='ltr' id='par_1_3' title="bbox 154 4574 1321 4738">
     <span class='ocr_line' id='line_1_37' title="bbox 219 4574 1321 4648; baseline 0.001 -20"><span class='ocrx_word' id='word_1_304' title='bbox 219 4574 349 4629; x_wconf 77' lang='lat' dir='ltr'><strong>dbschrift</strong></span> <span class='ocrx_word' id='word_1_305' title='bbox 368 4591 415 4627; x_wconf 86' lang='lat' dir='ltr'><strong>aas</strong></span> <span class='ocrx_word' id='word_1_306' title='bbox 433 4574 492 4627; x_wconf 89' lang='lat' dir='ltr'><strong>dem</strong></span> <span class='ocrx_word' id='word_1_307' title='bbox 510 4574 621 4629; x_wconf 79' lang='lat' dir='ltr'><strong>Archiae</strong></span> <span class='ocrx_word' id='word_1_308' title='bbox 640 4575 689 4629; x_wconf 91' lang='lat' dir='ltr'><strong>der</strong></span> <span class='ocrx_word' id='word_1_309' title='bbox 700 4574 1023 4638; x_wconf 54' lang='lat' dir='ltr'><strong>&amp;euristeum-Prome,</strong></span> <span class='ocrx_word' id='word_1_310' title='bbox 1043 4576 1158 4648; x_wconf 73' lang='lat' dir='ltr'><strong>erptbnt</strong></span> <span class='ocrx_word' id='word_1_311' title='bbox 1176 4592 1224 4628; x_wconf 83' lang='lat' dir='ltr'><strong>ron</strong></span> <span class='ocrx_word' id='word_1_312' title='bbox 1242 4575 1321 4629; x_wconf 89' lang='lat' dir='ltr'><strong>Pater</strong></span> 
     </span>
     <span class='ocr_line' id='line_1_38' title="bbox 154 4662 885 4738; baseline 0.004 -22"><span class='ocrx_word' id='word_1_313' title='bbox 154 4662 265 4720; x_wconf 82' lang='lat' dir='ltr'><strong>Placidus</strong></span> <span class='ocrx_word' id='word_1_314' title='bbox 283 4668 386 4736; x_wconf 79' lang='lat' dir='ltr'><strong>lienag</strong></span> <span class='ocrx_word' id='word_1_315' title='bbox 404 4663 539 4738; x_wconf 83' lang='lat' dir='ltr'><strong>Cosmogr.</strong></span> <span class='ocrx_word' id='word_1_316' title='bbox 558 4667 646 4722; x_wconf 77' lang='lat' dir='ltr'><strong>husin</strong></span> <span class='ocrx_word' id='word_1_317' title='bbox 664 4666 757 4720; x_wconf 77' lang='lat' dir='ltr'><strong>Frena.</strong></span> <span class='ocrx_word' id='word_1_318' title='bbox 776 4685 804 4737; x_wconf 90' lang='lat' dir='ltr'><strong>p.</strong></span> <span class='ocrx_word' id='word_1_319' title='bbox 823 4668 885 4721; x_wconf 79' lang='grc'><strong>347.</strong></span> 
     </span>
    </p>
   </div>
   <div class='ocr_carea' id='block_1_4' title="bbox 1061 4867 1107 4919">
    <p class='ocr_par' dir='ltr' id='par_1_4' title="bbox 1061 4867 1107 4919">
     <span class='ocr_line' id='line_1_39' title="bbox 1061 4867 1107 4919; baseline 0 -23"><span class='ocrx_word' id='word_1_320' title='bbox 1061 4867 1107 4919; x_wconf 56' lang='grc'><strong>40</strong></span> 
     </span>
    </p>
   </div>
   <div class='ocr_carea' id='block_1_5' title="bbox 0 0 1632 5350">
    <p class='ocr_par' dir='ltr' id='par_1_5' title="bbox 0 0 1632 5350">
     <span class='ocr_line' id='line_1_40' title="bbox 0 0 1632 5350; baseline 0 0"><span class='ocrx_word' id='word_1_321' title='bbox 0 0 1632 5350; x_wconf 95' lang='lat' dir='ltr'><strong> </strong></span> 
     </span>
    </p>
   </div>
  </div>
 </body>
</html>
