3242 5350
303 481 378 554 172

299 657 387 723 nobis
403 658 563 723 commissa
579 657 635 721 sub
652 658 849 742 proteccione
865 657 1008 742 prelibati
1025 657 1136 723 domini
1152 660 1247 723 nostri
1263 678 1342 746 pape
1357 661 1497 744 ponimus

299 766 494 850 lnjungeutes
516 772 614 830 tamen
636 786 703 831 curn
727 767 905 831 reverencia
928 766 1083 850 dignitatis
1100 767 1291 851 Episcopalis
1314 768 1369 832 sub
1385 769 1499 833 virtute

299 883 405 941 sancte
418 875 598 941 obediencie
610 879 641 940 et
653 896 730 960 pena
742 877 901 958 ingressus
908 876 1050 942 Ecclesie
1062 876 1147 943 vobis
1160 877 1288 941 dominis
1302 877 1499 951 Patriarcbis,

300 984 548 1068 Arcbiepiscupis
572 990 602 1048 et
625 985 803 1068 Episcopis,
826 990 859 1048 et
882 984 939 1049 sub
962 1005 1039 1070 pena
1063 988 1386 1051 excommunicacionis
1409 987 1499 1051 vobis

300 1092 428 1158 dominis
436 1092 732 1176 Regibus,Ducibus,
745 1091 922 1165 Comitibus,
932 1093 1110 1168 Beronibus,
1121 1092 1285 1159 Abbatibus
1294 1101 1325 1158 et
1333 1097 1500 1178 prepositis

299 1206 330 1265 et
352 1200 418 1264 aliis
443 1200 579 1265 omnibus
596 1199 817 1266 ecclesiasticis
833 1206 864 1265 et
886 1201 1072 1265 secularibus
1088 1203 1243 1286 personis,
1260 1223 1299 1265 ne
1314 1203 1498 1285 prelibatum

300 1310 455 1373 Dominum
469 1309 656 1394 Stephanum
668 1309 715 1373 vel
728 1328 813 1373 suum
827 1309 1040 1374 blonasterium
1049 1309 1168 1383 ledatie,
1182 1309 1230 1374 rel
1244 1311 1274 1374 in
1287 1310 1387 1398 aliquo
1400 1312 1500 1378 mole-

299 1419 399 1491 stetis,
415 1417 496 1503 quod
513 1419 539 1481 si
561 1418 664 1483 tacere
687 1418 851 1481 omiseritis
873 1419 949 1482 iutra
973 1418 1011 1483 Vl
1033 1419 1101 1482 dies
1122 1438 1139 1481 a
1160 1424 1297 1502 tempure
1320 1420 1502 1484 municionis

300 1525 386 1591 vobis
396 1529 486 1599 facte,
500 1526 630 1591 ablatum
645 1547 703 1590 non
716 1526 923 1596 restitueritis,
936 1533 967 1591 et
980 1526 1018 1590 de
1029 1527 1146 1591 iniuriis
1159 1526 1217 1592 sibi
1228 1526 1320 1590 illatis
1332 1527 1497 1591 velldona·

299 1635 392 1700 sterio
409 1655 462 1697 suo
475 1633 567 1716 digne
577 1655 635 1698 non
648 1635 858 1698 satisfeceritis
872 1635 1015 1698 canonica
1029 1634 1198 1698 municione
1211 1635 1359 1718 premissa
1372 1634 1499 1718 predic-

299 1747 395 1810 torum
414 1742 452 1807 Vl
468 1743 593 1812 dierum,
609 1762 734 1827 quorum
752 1743 828 1807 duos
844 1763 899 1826 pro
914 1744 1022 1828 primo,
1039 1741 1116 1805 duos
1131 1764 1186 1827 pro
1203 1743 1348 1815 secundo,
1371 1748 1401 1806 et
1417 1745 1500 1806 resi·

299 1850 388 1914 duum
401 1872 455 1935 pro
466 1853 561 1915 tercio
575 1856 606 1914 et
619 1852 821 1935 peremptorio
836 1853 964 1915 termino
978 1850 1065 1915 robis
1077 1855 1109 1915 et
1120 1858 1252 1915 vestrum
1262 1852 1383 1915 cuilibet
1395 1851 1501 1932 assig-

299 1980 414 2032 namus,
427 1959 514 2023 vobis
525 1959 652 2024 dominis
659 1960 821 2042 Episcopis
831 1967 863 2023 et
870 1958 938 2023 aliis
950 1959 1200 2043 supranominatis
1208 1961 1377 2041 ingressum
1386 1958 1501 2023 Eccle-

299 2067 344 2130 sie
357 2067 573 2139 interdicimus,
588 2072 619 2131 et
630 2087 686 2151 pro
696 2066 843 2150 predictis
856 2068 957 2131 causis
969 2086 1095 2139 exnunc,
1108 2072 1140 2129 vt
1152 2072 1259 2131 extunc
1276 2067 1307 2130 iu
1324 2066 1384 2129 biis
1396 2068 1500 2150 scrip-

297 2176 346 2239 tis.
365 2175 399 2239 Si
415 2195 487 2239 reru
504 2196 573 2249 vos,
592 2174 701 2240 domini
717 2175 820 2257 Reges
833 2180 864 2238 et
882 2173 931 2237 alii
949 2174 1132 2259 supradicti,
1149 2172 1285 2246 abbates,
1302 2175 1451 2259 prepositi
1466 2180 1500 2238 et

298 2284 355 2347 alie
371 2303 503 2367 persone
518 2282 728 2348 ecclesiastice
747 2280 849 2370 (sive)
875 2280 1030 2346 seculares
1053 2303 1109 2346 seu
1131 2281 1210 2366 layci
1230 2281 1369 2366 predicta
1390 2283 1500 2347 tacere

299 2392 475 2465 omiseritis,
492 2398 523 2456 et
538 2392 617 2456 iutra
634 2390 686 2456 sex
704 2391 781 2465 dies,
798 2398 831 2455 rt
845 2411 936 2474 supra
953 2411 1128 2474 expressum
1144 2399 1208 2468 est,
1225 2411 1282 2457 non
1300 2392 1501 2456 restitueritis

299 2500 408 2574 ablata,
424 2501 471 2564 rel
487 2501 526 2566 de
542 2501 658 2564 iniuriis
675 2519 733 2564 non
747 2499 969 2571 satisfeceritis,
986 2520 1041 2565 nos
1058 2520 1175 2565 exnunc
1187 2505 1219 2564 vt
1235 2505 1344 2564 extunc
1359 2498 1500 2582 legitima

299 2611 470 2677 mouioione
485 2611 632 2696 premissa
648 2613 680 2674 rt
696 2629 786 2694 supra
803 2608 914 2672 dictum
930 2613 978 2673 est
993 2609 1023 2672 iu
1040 2608 1098 2673 biis
1114 2610 1251 2695 scriptis,
1276 2629 1329 2694 pro
1348 2608 1501 2693 predictis

298 2719 398 2785 causis
410 2738 465 2783 ros
479 2719 779 2790 excommunicamus,
798 2717 985 2790 inhibentes,
1008 2738 1047 2781 ne
1060 2717 1168 2803 aliquis
1179 2737 1196 2780 a
1208 2717 1357 2802 predictis
1370 2722 1500 2782 senten·

298 2827 354 2892 ciis
365 2833 470 2912 preter
486 2826 693 2891 auctoritatem
710 2824 853 2910 prelibati
870 2825 979 2891 domiui
996 2827 1090 2890 nostri
1106 2846 1194 2910 pape,
1211 2825 1259 2889 vel
1275 2829 1418 2899 nostram,
1434 2824 1498 2889 nisi

296 2938 327 3000 iu
350 2937 455 3001 mortis
479 2933 607 2999 articulo
631 2932 768 2998 absolvat
793 2933 910 3017 aliquos
931 2933 1077 3017 predictis
1100 2932 1263 2997 sentenciis
1285 2933 1438 3004 irretitos,
1465 2936 1498 2996 et

297 3050 370 3109 tunc
387 3044 562 3109 caucioucm
578 3042 735 3127 ydoneam,
748 3062 803 3106 seu
819 3044 960 3127 quantum
971 3044 1113 3124 prestare
1123 3045 1274 3124 poterunt,
1284 3038 1498 3122 sollempniter

298 3156 409 3236 exigat,
426 3153 541 3235 Quodsi
557 3152 644 3216 aliter
656 3150 878 3216 absolucionem
895 3151 1092 3223 concesserit,
1108 3149 1172 3213 Nos
1188 3149 1354 3232 predictam
1367 3148 1496 3213 absolu·

298 3262 415 3328 cionem
443 3258 552 3324 nullam
580 3265 612 3324 et
638 3259 754 3324 irritam
780 3264 971 3342 reputamus,
1000 3264 1032 3323 et
1054 3259 1086 3322 in
1114 3256 1202 3322 tidem
1231 3262 1262 3320 ct
1288 3256 1495 3322 testimonium

297 3372 512 3457 premissorum
537 3369 668 3451 sigillum
695 3372 847 3439 nostrum,
875 3387 934 3451 quo
962 3368 1086 3440 utimur,
1109 3366 1245 3431 dummus
1273 3365 1494 3450 apponendum.

298 3480 405 3544 Datum
432 3480 607 3566 Sulzburpe
633 3478 717 3541 buno
746 3475 854 3540 domiai
877 3471 1032 3537 111000ο
1055 3473 1141 3537 lllX⁰.
1171 3474 1246 3537 feria
1267 3473 1401 3537 secunda
1424 3478 1498 3556 post

298 3587 474 3651 divisionem
502 3586 728 3670 Apostolorum,
756 3582 953 3647 Pontificatus
980 3581 1122 3664 prelibati
1149 3581 1261 3645 domini
1289 3583 1385 3645 nostri
1413 3600 1496 3666 pape

297 3699 380 3763 buno
397 3697 520 3761 Tercio.

970 3831 1133 3873 ueteratorie
1148 3829 1232 3872 trebiri
1247 3831 1281 3872 lil.
1295 3831 1333 3874 toi.
1350 3830 1398 3871 118.
1412 3830 1437 3873 b.

779 3967 1003 4095 cumin.

297 4163 333 4218 K.
353 4161 502 4218 Friedrich
529 4159 573 4230 (d.
592 4157 718 4226 salone)
743 4158 875 4228 bestdtipt
901 4158 963 4213 dean
984 4155 1076 4228 Stifte
1097 4156 1150 4210 dcc
1172 4153 1359 4224 Pricr'lepiam
1380 4156 1495 4225 Henop

296 4254 470 4311 lbiedrr'cb'r
494 4254 544 4308 der
567 4250 748 4308 Streitbcrerr
770 4266 834 4305 com
846 4247 892 4302 13.
915 4246 1003 4301 rien
1027 4245 1123 4308 1231,
1143 4243 1290 4314 bezaiplr'cb
1312 4245 1365 4299 dor
1376 4244 1495 4301 Mantit-

444 4340 563 4417 frea'bcit
574 4341 634 4412 auf
641 4340 694 4396 der
712 4339 815 4395 Dorou
828 4338 890 4394 und
901 4337 950 4393 des
978 4334 1198 4392 Wciurcbonlrer
1210 4351 1247 4390 aa
1259 4335 1346 4390 Eram.

702 4451 763 4506 Dat.
777 4448 856 4504 Wien
869 4448 914 4501 25.
933 4445 987 4501 Juli
1006 4443 1088 4499 talc.

386 4565 571 4633 Fridcrieuo
585 4563 649 4628 Bet
660 4562 775 4651 procia
790 4561 1003 4624 Romanorum
1017 4557 1091 4620 Res
1106 4572 1228 4638 semper
1238 4554 1402 4633 Augustus,
1420 4549 1493 4615 Vni·

298 4677 395 4742 rersis
417 4676 457 4741 ad
479 4695 556 4761 quos
580 4680 669 4738 tenor
688 4669 874 4754 presentium
896 4664 1087 4751 pervenerit,
1114 4662 1253 4728 fidelibus
1280 4661 1345 4725 suis
1371 4659 1494 4725 dilectis
