3242 5350
1273 402 1321 473 nt

140 581 168 639 ei
191 577 246 641 toti
269 580 430 643 conventui
453 582 557 642 sancte
578 577 672 641 ldorie
695 577 805 642 ibidem
830 600 886 664 pro
907 579 1030 661 triginta
1053 580 1084 640 et
1100 576 1215 642 duabus
1237 578 1322 643 libris

139 683 325 749 denariorum
343 688 570 751 Wiennensium
586 687 674 751 simili
699 689 763 750 iure
780 686 877 751 libere
893 693 923 751 et
939 692 1086 771 perpetuo
1103 686 1323 771 possidendam,

138 796 352 859 constituentes
370 819 424 862 nos
438 795 606 861 insolidum
619 796 804 862 vendicionis
820 797 986 860 huiusmodi
996 797 1076 878 juxte
1097 802 1180 860 terre
1192 816 1323 861 eonsue-

136 902 264 968 tudinem
277 926 367 970 veros
380 914 411 970 et
426 907 577 988 legitimos
591 905 778 978 defensores,
796 912 826 969 et
838 927 896 968 non
912 904 1008 969 solum
1024 905 1053 968 in
1065 905 1159 969 robur
1175 905 1322 970 firmitatis

136 1016 277 1096 perennis
293 1017 480 1080 rendieiouis
496 1016 630 1080 eiusdem
650 1017 773 1081 litterae
795 1015 916 1081 domini
929 1015 1032 1080 nostri
1051 1015 1173 1080 Allerti
1192 1016 1325 1081 illiortris

137 1123 225 1188 lueis
234 1126 375 1199 Aneirie,
389 1148 448 1214 quo
465 1127 683 1191 consenciente
697 1133 728 1190 et
743 1126 776 1190 in
792 1126 882 1190 euius
892 1125 1063 1212 presencie
1075 1125 1133 1190 beo
1143 1131 1216 1189 sont
1224 1126 1324 1208 farto.

138 1232 325 1298 obtinuimus
341 1235 517 1322 specialem
545 1233 598 1296 sed
622 1239 652 1297 et
673 1234 856 1319 quorundam
874 1233 1056 1297 dominorum
1081 1233 1223 1298 nobilium
1249 1234 1325 1297 inira

138 1340 329 1425 scriptorum,
341 1344 391 1427 qni
408 1343 544 1406 similiter
561 1342 699 1414 aderent,
716 1344 825 1426 epponi
842 1342 940 1423 sigillo
957 1342 1183 1424 procuravimus
1198 1361 1325 1425 presen-

137 1449 215 1513 tibus
239 1458 270 1514 et
287 1450 428 1536 appendi.
451 1451 490 1514 lii
507 1452 580 1516 lieet
600 1473 658 1517 nos
672 1453 777 1539 lpus
799 1459 831 1515 et
845 1440 1029 1538 naraon-'era
1049 1451 1164 1538 ripillio
1180 1452 1326 1538 propriie

137 1582 318 1632 careamus,
335 1567 435 1625 tamen
450 1562 542 1645 ipsos,
559 1563 743 1646 prepositum
756 1568 787 1624 et
803 1560 998 1632 conventum,
1015 1561 1218 1646 opposicione
1228 1561 1329 1648 supitii

136 1672 271 1755 filiorum
301 1679 481 1735 nostrorum
508 1671 665 1735 Hndmuri
697 1677 728 1735 et
760 1671 935 1758 liupotonis
960 1670 1176 1756 predictorum
1202 1671 1326 1735 romirre

139 1786 241 1843 nostro
258 1786 291 1844 et
306 1780 449 1868 ipsorum
460 1783 551 1865 foeta
568 1785 723 1843 contentos
744 1799 813 1843 esse
830 1778 964 1843 volumus
980 1780 1010 1842 in
1026 1777 1172 1842 cautelam
1194 1784 1226 1841 et
1241 1780 1327 1843 testi·

130 1872 266 1950 'monium
275 1889 631 1974 evidenspremissorum.
642 1889 777 1951 Testium
794 1892 891 1951 autem
902 1887 1029 1960 nomino,
1043 1888 1134 1970 etqui
1146 1908 1198 1949 sun
1212 1907 1326 1972 eppen-

141 1995 246 2058 derunt
259 1995 374 2077 sigilla,
387 2002 455 2061 sunt
468 1997 534 2060 iste.
549 1996 666 2060 Domini
686 1998 756 2063 Otto
768 1998 972 2069 (telludem,
986 1998 1164 2061 Hermanno
1178 1996 1219 2062 de
1234 1998 1325 2082 Wolf·

136 2108 299 2193 perotorff,
328 2106 473 2170 libertus
496 2107 536 2170 de
551 2102 723 2193 prolegom,
742 2107 917 2191 fridericus
933 2106 1062 2194 dapifer
1082 2105 1123 2171 de
1144 2107 1326 2193 benppaeb,

137 2216 296 2279 llerrrieuo
319 2216 360 2279 de
384 2215 519 2302 pleucb,
544 2214 736 2281 Ottoeborus
763 2219 956 2282 castellanus
976 2217 1010 2280 in
1027 2216 1326 2302 Greptoebenetuym

136 2324 367 2389 Ministerioles
381 2325 517 2389 Austrie.
530 2325 686 2390 Dittrieos
702 2333 733 2391 et
746 2326 933 2392 vanrodus
945 2328 1066 2409 fratres
1081 2326 1121 2390 de
1134 2325 1328 2413 Cbalnperp‚

142 2430 261 2499 lli-iens
267 2434 531 2522 Speyemnyister,
546 2435 641 2500 Cbolo
654 2436 802 2522 officialis
814 2433 1068 2507 deNeombnrob,
1075 2435 1248 2517 fridericus
1256 2432 1327 2500 luit-

140 2545 351 2616 dolositates,
368 2550 398 2606 et
414 2544 463 2608 alii
479 2543 595 2630 plurimi
614 2544 674 2608 fide
687 2534 783 2625 digni.
801 2547 907 2609 Actum
924 2548 955 2606 et
977 2543 1076 2607 datum
1098 2545 1224 2609 Wrenne
1245 2546 1328 2610 Anno

140 2653 252 2717 domini
269 2652 430 2717 blillesimo
455 2654 658 2718 ducentesimo
682 2653 797 2718 LXXX⁰
814 2654 914 2741 quinto
930 2653 1030 2717 Pridie
1048 2652 1118 2718 ldus
1143 2651 1325 2719 decembris.

432 2777 491 2831 orig.
506 2779 568 2830 reg.
582 2777 629 2834 (net
643 2778 729 2820 rorensi
743 2778 906 2832 uirorumue)
921 2778 1016 2833 (umen.
1031 2777 1076 2817 rso.
1092 2779 1127 2818 nr.
1138 2779 1157 2822 r.
1172 2779 1209 2818 ru.
1223 2778 1272 2834 or.)

211 2867 255 2922 An
275 2869 383 2930 rothen,
412 2870 508 2940 gelben
524 2872 576 2924 und
591 2877 690 2942 grinen
707 2871 937 2926 Seidensebniiren
954 2870 1058 2940 bingen
1075 2871 1152 2925 seebs
1170 2870 1258 2941 Siegel
1279 2887 1339 2923 ron·

142 2961 244 3030 gelbem
260 2959 366 3014 Wsebs.
385 2961 437 3014 Das
452 2973 520 3016 erote
538 2962 572 3015 ist
580 2961 657 3031 jener
670 2961 755 3018 Dtto's
769 2980 818 3015 ron
832 2964 935 3021 llosleu,
949 2963 996 3015 doe
1011 2963 1102 3015 nweite
1115 2959 1265 3016 Hermonn's
1279 2979 1328 3015 von

143 3050 342 3114 Wolkersdori,
367 3049 414 3105 dns
428 3052 518 3115 drille,
531 3054 578 3107 des
592 3053 774 3107 Trurbsessen
786 3071 836 3107 ron
850 3053 1000 3122 Lengbeeb‚
1021 3053 1055 3106 ist
1072 3053 1147 3114 rund,
1160 3070 1209 3106 ron
1222 3059 1329 3121 grosse·

142 3160 194 3196 rem
209 3142 357 3212 Uminnge3
378 3143 425 3196 sul
435 3143 494 3197 dem
506 3143 677 3214 dreieekigen
690 3144 796 3199 Sebilde
810 3146 882 3198 steht
896 3144 937 3198 ein
950 3144 1024 3198 lielm
1037 3143 1083 3197 mit
1096 3144 1183 3198 Dbren
1196 3145 1248 3197 und
1262 3145 1329 3197 lior-

143 3250 206 3288 nern
220 3234 295 3287 eines
308 3233 394 3287 Stieis
408 3235 588 3304 gesebmiielit,
607 3235 654 3288 dns
673 3235 738 3288 Feld
756 3235 828 3305 roigt
840 3235 904 3289 zwei
917 3235 1001 3289 breite
1018 3234 1130 3297 Binder,
1151 3235 1251 3289 welobe
1271 3235 1328 3289 sieb

143 3326 298 3394 gegem‘rber
314 3324 459 3378 verlouien.
477 3325 528 3378 Dus
547 3324 630 3380 rierts
648 3326 747 3396 Siegel,
765 3326 812 3380 des
826 3324 955 3379 lledrmer
967 3326 1020 3380 und
1034 3326 1137 3398 Rapoto
1150 3343 1200 3380 von
1213 3326 1327 3380 Felieis-

143 3416 217 3485 berg,
237 3416 274 3469 ist
287 3416 330 3468 ein
351 3415 517 3483 dreieekiger
535 3416 635 3478 Sebild,
653 3417 736 3471 dureb
759 3416 817 3470 eine
837 3417 994 3470 renkreebte
1011 3417 1084 3470 Linie
1106 3419 1132 3472 in
1152 3417 1215 3471 zwei
1235 3417 1328 3471 Tbeile

143 3507 263 3577 gelbeilt
273 3507 322 3561 wie
331 3506 408 3576 jenes
417 3505 527 3561 Ulrieb’s
539 3524 589 3562 von
602 3507 741 3576 Puebborg
754 3507 921 3575 beiDuellius
933 3507 998 3561 Tob.
1009 3508 1051 3569 lv,
1063 3508 1107 3561 Νι.
1121 3509 1166 3563 29.
1179 3509 1231 3561 Des
1245 3510 1328 3562 linito

145 3599 244 3670 Siegel,
262 3599 305 3652 ein
319 3598 420 3652 kleines
436 3598 543 3660 rondes,
564 3597 679 3652 Albert's
695 3615 745 3651 ron
763 3597 913 3659 Puebboim
935 3598 1007 3667 reigt
1020 3598 1094 3653 einen
1108 3600 1191 3662 Helm,
1213 3600 1329 3654 welcher

147 3691 192 3743 sui
200 3689 281 3759 jeder
294 3689 370 3743 Seite
381 3688 428 3742 mit
446 3690 528 3743 einem
548 3689 669 3744 euireebt
685 3689 830 3743 stebenden
847 3690 940 3759 Flegol
963 3691 1135 3760 gesebmitelit
1153 3692 1196 3753 ist,
1218 3691 1268 3746 wie
1285 3692 1327 3746 bei

148 3781 232 3836 liuber
241 3781 309 3835 st.
319 3782 362 3841 lx,
374 3781 420 3835 Νι.
432 3782 474 3835 12.
485 3781 594 3836 Endlieb
610 3781 657 3835 dns
669 3781 774 3835 seehste
787 3780 888 3852 Sisgel,
901 3780 1046 3836 lleinrieb's
1058 3800 1107 3836 von
1121 3782 1210 3844 Pleni,
1229 3782 1330 3852 gleiebt

146 3873 229 3942 jerem
240 3872 282 3927 bei
292 3872 411 3927 Duellius
424 3871 490 3925 Tib.
503 3871 544 3935 ll,
555 3873 600 3926 Nr.
614 3873 658 3935 37,
670 3889 761 3926 eumer
773 3872 834 3926 dnos
848 3873 873 3926 in
886 3872 933 3926 der
947 3875 1069 3927 ebersten
1083 3874 1165 3927 lieiho
1178 3872 1233 3927 drei
1247 3891 1329 3944 genre

150 3965 247 4018 Wdriol
259 3966 362 4025 slehen,
375 3964 401 4017 in
414 3963 462 4016 der
473 3963 604 4018 mittleren
615 3961 656 4018 ein
667 3979 764 4033 gunnor
774 3961 903 4018 nwiseben
915 3963 979 4017 zwei
992 3964 1129 4026 bolbirten,
1140 3962 1166 4016 in
1179 3963 1227 4017 der
1238 3966 1330 4018 unter-

151 4059 204 4110 rteo
218 4055 260 4109 ein
273 4070 370 4125 gomer
383 4054 523 4108 emebeint.

700 4161 766 4232 XL.

344 4291 458 4360 Herzoy
482 4291 614 4347 Albreeltt
631 4290 760 4360 bertltipt
785 4290 840 4344 olen
867 4290 963 4360 obipen
994 4289 1127 4365 Ver-leores.

513 4401 572 4455 Det.
585 4401 661 4455 Wien
676 4402 717 4456 16.
731 4400 877 4454 December
890 4400 969 4454 1285.

236 4515 298 4579 Nos
313 4515 459 4580 tilbertus
473 4513 537 4578 Dei
548 4513 657 4600 pretia
671 4514 750 4578 Dux
765 4511 886 4577 austrie
901 4520 932 4576 et
946 4511 1061 4587 Stirie,
1082 4511 1233 4577 Dominus
1250 4513 1329 4576 Cor·

157 4625 241 4696 niele,
256 4623 403 4690 Morebie
424 4629 586 4709 arpertus
601 4622 714 4687 neonis
736 4622 910 4706 profitemur
932 4627 1036 4685 tenore
1051 4620 1241 4705 presencium
1264 4620 1329 4684 rni-

186 4760 341 4808 reamur.
1099 4727 1116 4780 3
