3242 5350
734 673 940 754 CCXXXII.

235 838 340 909 Propst
352 833 481 907 Stcpban
501 835 560 889 und
578 835 630 889 das
646 833 758 907 Capitol
775 851 813 888 zu
826 833 1066 904 Klostcrneuburg
1082 836 1238 905 bestdtiycn
1254 837 1314 892 und
1332 837 1432 892 cruci·

237 930 301 981 tarn
312 926 374 979 dem
381 926 523 979 Passuucr
533 924 645 997 Cupitel
656 924 703 978 die
713 923 939 995 Zebentfreibeit
950 927 1044 980 scinco·
1057 927 1248 995 Wcinpdrtcn,
1262 927 1322 981 und
1334 926 1433 997 regular

716 1014 768 1068 dus
786 1016 951 1082 Berprcclt.

538 1156 595 1210 not
615 1157 843 1225 Ktostcrncuburg
861 1157 905 1211 18.
925 1156 1028 1211 Jeouar
1046 1158 1127 1212 taes.

328 1321 371 1382 Ad
396 1324 571 1402 perpetuam
595 1320 640 1381 rei
664 1321 845 1384 memoriam.
870 1319 932 1384 Nos
955 1320 1140 1407 Stephanus
1162 1322 1273 1386 divina
1293 1323 1432 1387 misera·

238 1430 328 1493 ciorw
344 1429 546 1513 Propositus,
562 1428 714 1492 Nicotaus
729 1429 896 1503 Deouana,
913 1430 1069 1512 Totusque
1086 1431 1433 1494 conventusblonasterii

241 1542 346 1599 sancte
365 1535 458 1597 lilarie
482 1536 511 1596 in
534 1534 725 1616 Newnburga
748 1534 967 1599 canonicorum
994 1535 1175 1616 regularium
1198 1537 1312 1599 ordinis
1334 1539 1434 1602 sancti

243 1642 401 1722 Augustini
419 1641 518 1705 Patar.
543 1642 628 1705 Dioc.
658 1641 857 1707 invertentes
876 1649 907 1707 et
923 1645 1021 1707 animo
1037 1644 1167 1706 sollicite
1193 1643 1436 1716 considerantes,

241 1751 326 1831 Quod
345 1749 543 1812 Venerabiles
560 1751 588 1810 in
603 1749 723 1813 Christo
740 1751 815 1824 viri,
839 1751 959 1814 Domini
975 1773 1013 1816 ac
1027 1751 1197 1816 confratres
1214 1754 1310 1814 nostri
1325 1753 1432 1816 Karis-

243 1859 328 1928 simi,
356 1857 548 1941 Propositus,
574 1857 731 1929 llecnnus,
755 1859 925 1942 Totumque
943 1858 1110 1943 Capitulum
1128 1860 1259 1922 ecclesie
1275 1858 1438 1923 Patarico·

242 1968 285 2030 sis
303 1965 389 2029 nobis
408 1971 438 2027 et
456 1965 638 2028 Monasterio
661 1975 763 2030 nostro
786 1967 894 2030 multos
920 1967 1145 2050 promociones,
1170 1968 1289 2048 gracias
1305 1974 1336 2031 ct
1352 1970 1439 2033 cari·

242 2077 332 2138 tatira
357 2093 449 2155 opera
473 2072 688 2148 exhibuerunt,
714 2082 745 2135 et
768 2075 966 2157 imposterum
993 2074 1154 2146 exhibere,
1179 2095 1233 2136 seu
1256 2075 1436 2158 impendere

243 2182 454 2264 promiserunt.
479 2180 540 2242 Nos
557 2186 614 2241 tam
633 2181 750 2262 piorum
765 2180 981 2245 beneficiorum
999 2181 1036 2244 ab
1055 2182 1098 2243 eis
1115 2187 1322 2263 acceptorum,
1351 2189 1383 2245 et
1406 2184 1438 2245 in

242 2289 343 2352 futuro
361 2287 605 2371 accipiendorum
623 2308 680 2350 nec
697 2289 823 2370 ingrati,
839 2309 897 2353 nec
913 2290 1103 2353 immemores
1120 2291 1251 2351 existere
1268 2291 1438 2373 cupientes,

243 2397 319 2481 ipsis
336 2397 470 2460 Dominis
488 2398 518 2459 ct
535 2395 740 2459 confratribus
763 2399 875 2460 nostris
898 2397 1044 2480 predictis
1066 2416 1134 2460 cum
1155 2398 1379 2461 remissionibus
1403 2405 1440 2461 et

245 2503 483 2569 relaxaoionibus
511 2504 693 2567 decimarum
723 2503 809 2567 nobis
832 2504 871 2567 dc
892 2506 988 2568 vineis
1009 2504 1086 2567 infra
1110 2503 1233 2587 scriptis
1257 2503 1438 2576 debitarum,

246 2611 390 2677 videlicet
406 2610 501 2677 tribus
520 2610 675 2692 iugeribus
692 2613 723 2674 in
745 2613 965 2700 Weiuqraden,
991 2614 1028 2677 de
1046 2611 1167 2676 dimidio
1193 2613 1300 2694 lugere
1315 2613 1346 2676 in
1360 2614 1441 2678 Mit-

245 2727 416 2806 terpcwnt‚
447 2725 477 2782 et
508 2718 546 2781 de
573 2740 631 2783 uno
659 2721 766 2801 lugere
794 2728 824 2783 ct
852 2721 974 2785 dimidio
1002 2721 1032 2782 in
1063 2720 1232 2795 Gebliulrlc,
1257 2720 1302 2782 eis
1326 2719 1438 2783 dudum

247 2835 333 2891 antea
360 2827 449 2890 factis
477 2825 515 2889 dc
536 2827 618 2891 Novo
648 2826 808 2900 donamus,
834 2833 866 2891 et
889 2827 1055 2891 liberaliter
1081 2828 1119 2890 de
1145 2829 1273 2890 omnium
1303 2835 1438 2891 nostrum

246 2936 397 2999 voluntate
422 2938 452 2996 et
474 2953 623 2997 consensu
640 2935 813 2999 donavimus
831 2937 976 3021 quandam
996 2939 1113 3017 partem
1130 2936 1218 2997 rinee
1236 2941 1339 2997 nostre
1355 2935 1443 2999 dicte

246 3044 400 3114 Sternetur,
426 3063 483 3127 que
499 3043 556 3105 alio
574 3044 692 3105 nomine
720 3045 816 3130 lonpa
831 3044 925 3107 niuea
941 3049 1149 3126 nuncupatur,
1174 3043 1290 3106 cuidam
1306 3044 1441 3126 ipsorum

247 3153 336 3216 vinee
364 3169 523 3220 annexam,
554 3170 612 3233 que
638 3153 764 3215 Horror
787 3151 952 3233 vulgariter
980 3150 1165 3235 appellatur.
1189 3150 1367 3214 Relaxnntes
1395 3154 1444 3215 eis

248 3263 393 3340 perpetuo
411 3256 560 3328 decimas,
586 3279 659 3344 quas
683 3266 714 3321 et
737 3258 923 3323 lllonasterio
947 3265 1049 3324 oostm
1073 3259 1208 3323 dedicta
1230 3264 1318 3341 parte
1342 3259 1443 3331 vinee,

248 3372 279 3429 et
294 3366 393 3436 nobis,
411 3386 467 3429 neo
484 3386 541 3428 non
559 3364 597 3428 de
614 3365 741 3450 quadam
758 3366 816 3429 alia
833 3387 935 3430 eorum
951 3368 1048 3437 vinea,
1066 3366 1144 3431 dicta
1160 3366 1317 3431 Maldincb
1333 3365 1369 3428 ad
1388 3387 1444 3430 eos

248 3494 344 3557 nuper
361 3472 502 3536 devoluta
524 3493 622 3537 annuo
642 3473 762 3536 solvere
784 3479 941 3550 tenentur,
966 3475 1020 3537 dus
1046 3493 1117 3537 rero
1152 3478 1336 3546 montanum,
1360 3474 1444 3556 quod

248 3580 426 3646 Perilreuht
452 3582 579 3657 dicitur,
604 3584 649 3645 sic
678 3581 813 3645 duximus
837 3582 1050 3645 moderandum
1076 3579 1219 3645 videlicet
1244 3578 1322 3662 quod
1340 3580 1445 3643 Celle-

247 3691 346 3755 rnrius
375 3698 425 3753 aut
448 3690 629 3754 Procurator
656 3709 759 3752 eorum
788 3690 817 3750 in
840 3689 949 3752 talibus
972 3689 1185 3754 vindemiarum
1209 3693 1344 3772 tempore
1368 3689 1444 3751 darc

249 3798 372 3863 debebit
396 3819 451 3881 pro
474 3799 539 3861 iure
564 3801 702 3859 montano
726 3794 814 3859 nobis
838 3803 868 3859 et
900 3795 1082 3861 lllcnasterio
1111 3802 1213 3860 nostro
1236 3795 1275 3859 dc
1297 3794 1444 3879 predictis

249 3909 347 3970 vineis
372 3906 472 3971 debito
495 3926 550 3989 pro
575 3903 710 3989 qualibet
738 3924 810 3967 urna
835 3903 1057 3987 Quinquaginta
1086 3903 1226 3967 denarios
1246 3903 1444 3966 Wieunensis

250 4021 385 4086 monete,
411 4034 544 4100 quonum
570 4020 648 4076 trono
673 4018 721 4075 est
747 4031 836 4082 osus,
862 4013 1051 4082 autricum,
1077 4011 1156 4094 quod
1186 4012 1264 4074 sieut
1291 4031 1346 4094 pro
1378 4011 1447 4074 iuro

249 4126 388 4185 montano
406 4121 470 4184 dari
488 4121 668 4191 consuerit,
694 4118 773 4202 quod
795 4118 914 4181 illorum
938 4118 1066 4181 dominis
1092 4120 1202 4182 nostris
1224 4118 1372 4201 predictis
1394 4124 1447 4181 aut

250 4231 307 4294 sibi
324 4229 391 4313 plus
408 4229 559 4294 ridebitur
576 4227 731 4310 expedire.
770 4226 966 4290 addicientes
981 4225 1210 4298 nichilominus,
1236 4227 1313 4310 quod
1332 4228 1357 4289 si
1375 4247 1447 4309 pre-

251 4339 396 4403 dictarum
413 4357 515 4400 eorum
532 4337 684 4398 vinearum
701 4335 738 4398 ad
755 4355 958 4419 quascumque
982 4334 1055 4397 alias
1079 4355 1225 4417 personas
1259 4354 1447 4420 quocumque

251 4446 338 4510 modo
353 4445 469 4509 devolvi
484 4445 664 4525 contigerit,
682 4443 763 4526 quod
780 4448 851 4506 tuno
869 4444 898 4504 in
915 4443 1028 4507 eisdem
1045 4442 1182 4506 omnibus
1195 4442 1319 4506 duribus
1334 4444 1448 4506 nostris

251 4554 385 4637 gaudere
403 4553 549 4618 debemus
573 4559 604 4618 et
626 4553 778 4624 volumus,
805 4551 914 4636 quibus
937 4553 967 4615 in
988 4551 1032 4614 eis
1057 4571 1072 4612 a
1096 4551 1248 4635 presentis
1272 4549 1448 4614 donacionis
