3242 5350
313 473 392 550 368

801 644 1051 728 CCCLXXVL

310 790 415 865 Proprt
435 789 536 861 Ortolf
551 789 612 846 and
627 790 680 845 tier
697 788 895 846 Siccbmeister
905 792 1070 866 Maronem!
1087 792 1202 849 riotiren
1214 793 1270 849 dea
1281 793 1426 849 Barbara-
1443 792 1502 847 suri

643 880 935 951 mergereris-Alter
945 884 986 938 in
998 882 1180 939 sirmiense

610 1007 671 1060 Dat
700 1006 946 1079 Klosternenburg,
973 1008 1215 1063 1111111111

400 1155 433 1218 lo
451 1153 570 1218 nominc
586 1153 706 1217 Domini
722 1200 730 1216 .
747 1155 852 1216 Amen.
880 1154 1022 1240 Ortolsos
1037 1155 1149 1221 divina
1163 1156 1373 1221 miseracione
1382 1175 1502 1241 prepo-

308 1267 390 1332 situs
405 1263 581 1330 bionasterii
602 1263 693 1327 beato
714 1262 810 1328 blasio
826 1263 961 1347 Virginis
977 1267 1007 1329 in
1024 1265 1198 1350 Nowburga
1213 1303 1257 1313 —
1273 1265 1310 1329 atl
1326 1270 1502 1351 perpetuam

309 1373 354 1438 rei
377 1373 558 1437 memoriam.
584 1371 768 1457 Quamquam
793 1371 981 1437 condicionis
1003 1373 1132 1438 bumane
1154 1373 1304 1457 fragilitas
1326 1373 1404 1460 (wie
1428 1393 1503 1437 anno

312 1480 418 1567 1353)
443 1480 535 1545 niobil
550 1486 599 1544 est
614 1477 781 1552 salubrius,
806 1499 896 1563 quam
912 1483 1025 1566 spretis
1043 1481 1143 1545 mundi
1160 1482 1314 1547 illecebris
1339 1482 1378 1546 de
1395 1483 1504 1546 futuris

309 1590 464 1670 cogitare.
488 1591 520 1651 ct
542 1586 580 1652 tle
604 1587 695 1651 rebus
719 1587 904 1652 transitoriis
926 1572 1033 1653 eterne
1055 1590 1209 1654 felicitatis
1226 1592 1340 1673 premia
1362 1610 1505 1674 compor-

308 1704 385 1762 tare.
420 1698 483 1761 Hac
510 1696 601 1779 igitur
628 1693 878 1761 consideracione
905 1697 1035 1770 inducti.
1058 1700 1125 1763 Nos
1150 1706 1183 1765 et
1202 1700 1336 1764 dilectas
1357 1700 1450 1764 nobis
1470 1699 1503 1764 in

311 1805 436 1874 Cbristo
454 1806 635 1872 Cononicus
651 1811 682 1869 et
698 1807 862 1889 confrater
875 1814 984 1872 noster
1004 1808 1220 1894 Murqaerdur
1234 1808 1394 1895 Magister
1414 1806 1504 1892 Infir-

307 1935 429 1980 mcmcm
444 1914 550 1978 ultum
564 1913 600 1977 in
614 1912 796 1998 lrsfimnarie
812 1922 921 1979 nostro
936 1915 1030 1981 saum
1051 1916 1086 1980 in
1100 1914 1219 1980 boam
1233 1923 1421 1981 sanctorum
1435 1914 1502 1978 oir-

304 2022 415 2110 ginam
426 2029 459 2086 et
469 2021 635 2086 martir-nm
647 2021 793 2084 Barbare
803 2028 836 2085 et
846 2020 1053 2110 Margaretbe
1068 2022 1107 2086 de
1124 2023 1313 2107 beneplacito
1330 2022 1502 2087 venerandi

307 2129 337 2192 in
354 2127 474 2193 Christo
495 2130 589 2210 patris
608 2134 639 2191 et
660 2126 787 2199 domini,
812 2126 923 2192 domini
945 2132 1040 2194 nostri
1058 2131 1207 2216 Gotfridi.
1220 2138 1331 2218 petam
1348 2133 1505 2219 Episcopi

306 2245 534 2309 consecratum,
563 2239 609 2301 Dc
625 2235 762 2299 Vnanimi
779 2257 931 2302 consensu
948 2237 1049 2300 fratris
1068 2240 1163 2301 nostri
1180 2222 1311 2304 Nicolei
1324 2239 1453 2304 Decumi
1467 2259 1501 2303 ac

307 2353 405 2415 tocius
433 2354 599 2414 conventus
624 2347 717 2411 nostri
741 2348 885 2432 [undare
910 2354 943 2411 et
968 2346 1081 2411 dotare
1107 2348 1289 2412 curavimus
1313 2347 1403 2411 bonis
1425 2348 1500 2410 iutra

307 2459 441 2541 scriptis.
465 2457 497 2520 ln
525 2455 631 2540 primis
657 2455 749 2535 igitur
776 2454 921 2518 donamus
949 2454 985 2516 ad
1016 2453 1183 2536 predictum
1208 2454 1304 2518 altare
1326 2456 1446 2519 vineam
1467 2456 1501 2519 in

305 2565 544 2653 Reitbngreben
560 2562 691 2626 medium
707 2563 795 2644 inger
810 2599 849 2609 -
863 2563 937 2626 item
949 2563 1067 2624 uincam
1083 2562 1118 2627 in
1132 2563 1294 2648 superiori
1308 2584 1391 2627 marr
1407 2583 1500 2648 prope

306 2673 422 2740 vineam
447 2670 597 2736 Gunloldi
624 2671 682 2734 tria
710 2671 818 2735 oetalia
847 2669 1017 2735 habentem.
1046 2670 1120 2734 item
1142 2670 1177 2736 in
1192 2670 1355 2758 superiori
1370 2670 1501 2737 'Gereott

306 2801 391 2844 ruam
415 2781 528 2842 vineam
552 2776 687 2863 quartale
711 2779 913 2841 coutinentem
938 2778 1017 2842 iuxta
1034 2780 1150 2842 vineam
1166 2779 1326 2844 Jobonnis
1340 2780 1498 2845 Lndrem.

305 2890 461 2953 Postremo
490 2886 608 2950 domum
636 2906 672 2949 ex
703 2887 845 2969 opposito
874 2884 1004 2949 Claustri
1037 2885 1206 2950 monialium
1238 2887 1366 2950 vicinam
1399 2887 1499 2951 domui

304 2996 410 3059 relicte
427 2993 692 3075 Hagenprunncriu
710 3030 753 3040 —
771 2993 801 3055 ln
831 3013 955 3076 quorum
984 2994 1112 3057 omnium
1139 3000 1171 3056 ct
1194 2994 1383 3075 singulorum
1400 2997 1499 3059 Testi-

303 3106 433 3168 monium
448 3110 582 3166 nostrum
599 3107 629 3164 et
644 3102 739 3164 nostri
754 3099 927 3165 Conventus
944 3100 1043 3182 sigilla
1060 3101 1255 3184 presentibus
1267 3109 1338 3165 sunt
1353 3122 1497 3188 appensa.

257 3243 263 3254 ·
305 3214 413 3276 Datum
429 3230 506 3280 auno
523 3209 639 3272 Domini
656 3206 816 3272 biillesimo
838 3209 1067 3274 Trecentesimo
1085 3208 1340 3295 Quinquagesimo
1358 3210 1451 3275 Sexto
1466 3211 1497 3275 ln

304 3318 412 3400 vigilia
430 3317 597 3403 Epiphania
615 3317 743 3382 Domini.

1047 3441 1198 3484 chartularius
1207 3441 1292 3484 mestit
1306 3443 1341 3483 nt.
1357 3442 1396 3484 rot.
1407 3444 1443 3484 st.

768 3692 1033 3773 CCCLXXVII.

302 3839 476 3911 Kanigunde
500 3838 547 3894 die
570 3837 718 3894 minorita
741 3838 833 3912 stitirt
860 3836 943 3893 einen
967 3837 1091 3907 Jeisrtrg
1115 3838 1147 3893 in
1171 3838 1225 3895 der
1245 3839 1437 3914 Pfcrrkircbc
1459 3857 1496 3895 aa

796 3928 1011 3999 Heiligenstcdt.

731 4065 790 4119 ilat.
806 4063 853 4120 at.
870 4064 968 4119 tanum
987 4064 1068 4120 1366.

392 4203 444 4268 leb
463 4202 644 4290 chunigunt
665 4203 719 4268 die
739 4201 965 4291 Minpecbinne
987 4224 1048 4268 con
1068 4203 1218 4287 Noedorf
1233 4203 1356 4284 vergich
1373 4240 1416 4251 -
1434 4203 1494 4266 Dar

300 4310 350 4376 ich
371 4350 413 4360 -
431 4312 485 4375 mit
501 4314 616 4376 meinos
634 4311 843 4394 percbberren
861 4313 950 4383 bant,
972 4311 1048 4375 bern
1063 4312 1184 4377 Junsen
1199 4311 1259 4377 dea
1273 4311 1440 4383 Smoroser.
1455 4333 1494 4375 aa

299 4421 363 4485 deu
374 4420 481 4484 seiten
494 4418 626 4485 Richter
641 4442 677 4485 ae
698 4421 824 4486 Wenne
845 4418 958 4483 Gestiit
978 4421 1036 4483 han
1058 4420 1151 4486 draeo
1166 4421 1288 4508 emigro
1301 4421 1419 4507 Jarteg
1442 4418 1494 4479 mit

300 4528 397 4591 einom
415 4527 511 4612 pbunt
526 4529 661 4593 wienner
676 4527 811 4611 pbenuig
826 4526 928 4607 geltss
945 4528 1164 4610 purchreohtes
1186 4528 1241 4592 aui
1257 4530 1383 4591 meinsm
1400 4527 1493 4591 mein

300 4643 407 4716 garten
426 4635 541 4698 —des
565 4638 613 4698 ain
638 4655 733 4715 gance
757 4634 876 4699 chtail
901 4634 941 4697 ist
956 4670 999 4681 -
1016 4635 1054 4697 do
1080 4655 1147 4698 man
1174 4632 1232 4697 alls
1259 4634 1305 4698 iar
1331 4655 1385 4698 uon
1412 4634 1493 4698 client
