3242 5350
1268 487 1341 558 187

149 667 251 729 ciones
277 673 399 731 nostres
429 665 530 747 Sigiiii
555 667 650 730 nostri
674 660 861 749 appensione
884 664 1009 729 fecimus
1027 662 1213 727 communiri.
1246 661 1354 724 Datum

147 780 177 836 et
205 775 317 839 Actum
345 776 533 862 Neruiorpe
564 776 646 837 Anno
676 772 792 836 Domini
822 772 865 836 ii⁰
888 769 976 836 CCC·
1016 769 1169 835 Vicesimo
1198 770 1343 841 secundo,

147 880 259 962 Quarto
275 882 346 945 idus
362 881 453 946 iunii.

236 987 297 1038 Orig-
314 990 375 1040 Pers.
395 986 460 1039 (iiep.
471 987 515 1026 Vct.
531 988 568 1027 iir.
583 986 604 1026 i.
625 987 663 1026 tol.
678 985 727 1041 811.)
742 986 782 1027 iias
796 985 987 1026 acherontinae
1002 984 1073 1037 Siegel
1087 983 1286 1024 uisenorstoerur.

235 1076 287 1131 Die
301 1076 505 1131 rorkommende
517 1076 656 1148 Equirrcs,
670 1077 737 1132 wohl
752 1075 992 1147 gleichbedeutend
1012 1075 1058 1128 mit
1071 1075 1202 1146 Equiritis
1224 1073 1266 1129 bei
1286 1075 1343 1128 Du·

146 1184 239 1237 cange,
253 1168 311 1221 niso
326 1168 431 1232 Gestui,
450 1169 537 1231 sollte,
548 1169 608 1222 dem
620 1169 730 1223 Beiehie
745 1169 792 1222 des
804 1167 944 1222 Bischoies
957 1167 1072 1235 zut'oigc,
1092 1165 1151 1219 dem
1169 1166 1271 1220 iohann
1292 1183 1341 1220 von

145 1258 289 1313 Sierntiori
298 1275 454 1327 genommen
466 1259 520 1313 und
533 1258 632 1314 wieder
643 1276 701 1313 rom
715 1259 794 1312 Stiite
806 1276 854 1312 aus
868 1258 1005 1311 rerwaitet
1016 1255 1132 1310 werden.

235 1349 290 1402 Dos
304 1348 330 1401 in
351 1347 399 1403 der
414 1348 540 1403 Uriunde
560 1350 694 1403 erwnhnte
713 1348 894 1420 Capitolinus,
920 1347 1030 1412 „domus
1048 1345 1230 1418 capitularis“,
1249 1344 1284 1399 ist
1297 1345 1341 1399 dic

145 1438 254 1507 heutige
269 1438 486 1509 Leopoitlsgrot't,
500 1439 599 1492 welche
613 1440 653 1493 bis
666 1458 698 1493 zu
712 1438 772 1492 dem
784 1438 866 1493 Jnhre
881 1437 951 1492 tuor
964 1438 1004 1491 sis
1017 1435 1179 1508 Cupitcisssl
1191 1435 1290 1490 diocte.

235 1529 480 1583 Bemerkenswerth
489 1528 547 1583 sinti
565 1528 608 1584 die
624 1529 675 1583 den
687 1529 797 1584 Nonnen
809 1528 950 1583 ertheilten
961 1526 1204 1598 Reginstiguugem
1215 1525 1342 1581 darunter

146 1618 191 1672 dns
204 1619 294 1673 Reeht
306 1637 338 1672 zu
351 1618 471 1674 tostiren

654 1779 822 1862 cxcvii.

144 1923 178 1977 K.
196 1923 349 1980 Friedrich
367 1924 498 1995 intotiqt
518 1924 571 1981 cios
592 1924 683 1979 duret
704 1925 818 1994 Hersop
839 1922 990 1979 Friedrich
1009 1922 1063 1978 dea
1084 1921 1268 1981 Streiiiorca
1285 1923 1339 1979 der

178 2015 294 2087 erpelle
305 2016 401 2072 meta·
410 2015 552 2071 lotam
563 2012 650 2088 Bapt.
663 2031 700 2068 su
711 2013 952 2084 Klosterucuiurp
962 2014 1091 2069 ertieilte
1103 2013 1301 2083 Priviiepium.

549 2114 608 2168 nac
629 2114 706 2170 Wien
724 2115 769 2169 ts.
787 2114 841 2169 iuli
862 2115 940 2169 1322.

231 2233 419 2299 Friderioos
445 2234 509 2298 Dei
531 2234 647 2321 procia
672 2236 885 2299 Bmonorom
909 2235 997 2307 Rex,
1029 2255 1156 2322 scrupea·
1180 2234 1339 2322 Aupumau

145 2341 289 2406 Omnibus
304 2342 337 2405 in
353 2342 545 2426 Perpetuum.
570 2342 728 2407 Accedens
751 2349 883 2406 nostram
906 2343 1096 2426 presenciam
1115 2342 1168 2406 Vir
1182 2341 1338 2417 honestus,

142 2451 298 2537 Nequiter
327 2453 495 2517 Cunrodus
520 2453 638 2517 Rector
666 2453 794 2539 Copciic
821 2452 927 2519 sancti
945 2451 1103 2517 Joicannis
1130 2453 1277 2539 Baptiste
1303 2452 1338 2518 in

140 2558 362 2646 Ncucnburpu
380 2561 554 2625 Oloostroli
570 2561 763 2647 Capelianus
778 2566 883 2624 noster
900 2560 1025 2625 devotus
1040 2559 1182 2633 dilectus,
1204 2566 1236 2623 et
1251 2559 1337 2624 exhi·

140 2666 213 2731 iens
242 2689 279 2731 sc
309 2688 462 2751 exponens
489 2667 576 2732 nohis
604 2666 753 2752 quoddam
771 2668 965 2751 Priviiegium
982 2669 1105 2734 Salvum
1129 2673 1160 2733 et
1182 2669 1333 2753 integrum

28 2813 29 2820 κ
137 2797 228 2862 snper
245 2776 318 2840 dote
333 2779 429 2861 ipsius
446 2778 568 2861 Capelie
583 2797 760 2843 concessum
778 2783 809 2841 et
824 2778 976 2850 traditum,
992 2778 1173 2862 supplicavit
1184 2776 1335 2841 humiliter

28 2885 30 2974 J
136 2905 191 2969 per
202 2891 339 2949 nostrum
352 2884 566 2950 excellenciam
580 2887 752 2972 approbari,
768 2887 937 2953 confirmari
949 2894 980 2952 et
991 2885 1128 2951 innovari
1140 2884 1333 2968 Priviiegium

28 3035 29 3070 2
137 2993 228 3067 idem,
254 2993 351 3076 Cujus
373 3001 459 3057 tenor
474 2993 544 3057 talis
560 3001 625 3059 est:
648 2995 757 3081 (Foigt
778 2997 832 3060 dns
856 2994 1051 3078 Privilegium
1073 2994 1260 3060 Friedrioh's
1278 2995 1334 3059 des

137 3102 329 3167 Streitbaren
350 3122 417 3166 vom
438 3102 534 3167 iahre
563 3103 661 3181 1240,
690 3104 739 3169 bei
765 3104 893 3169 Fischer
908 3104 941 3168 ll.
960 3101 1056 3189 200.)
1079 3105 1142 3169 Nos
1165 3106 1257 3187 igitur
1273 3108 1332 3166 tam

136 3209 269 3281 salubre.
294 3215 354 3273 tarn
379 3212 470 3294 pium.
492 3219 611 3296 tamque
637 3218 836 3297 opportunum
864 3217 895 3276 et
916 3212 1081 3278 fauorabile
1103 3213 1225 3285 tactum,
1249 3214 1335 3300 quod

136 3340 196 3383 non
210 3320 437 3406 soiumprimis
444 3322 679 3405 fundatoribus,
690 3322 788 3387 sedet
798 3322 1048 3400 Successoribos,
1060 3324 1190 3389 Soimcm
1200 3343 1332 3389 servan·

136 3427 216 3492 tibus
236 3427 329 3503 illud,
354 3429 502 3495 meritum
523 3430 645 3496 Salutis
668 3433 814 3515 conferre
834 3433 973 3518 poterit,
995 3436 1028 3495 et
1048 3432 1171 3496 honoris
1188 3430 1333 3516 applausu

136 3540 354 3620 prosequentes
366 3535 503 3602 benivolo
511 3543 543 3601 et
552 3538 661 3603 affecto
668 3538 855 3623 plenissimo,
867 3547 1055 3624 prenotatam
1068 3540 1260 3626 privilegium
1273 3538 1333 3603 tida

135 3643 390 3729 interpretacione
414 3665 469 3728 pro
491 3645 619 3710 utilitate
642 3647 725 3712 dicte
741 3647 866 3732 (iapeiic
879 3648 962 3731 juxta
978 3647 1146 3721 liberalem,
1159 3647 1284 3712 liberam
1302 3652 1333 3711 ct

136 3751 291 3816 Sinceram
311 3752 451 3817 donantis
468 3756 666 3820 intencionem
685 3756 896 3821 Summendum
913 3758 1129 3842 approbamus,
1147 3759 1331 3829 innovamus,

136 3863 165 3921 et
176 3862 366 3943 presencium
382 3860 488 3943 Sigiiio
505 3869 607 3929 nostro
624 3867 708 3948 regio
721 3868 904 3948 signatarum
921 3867 1094 3931 testimonio
1112 3866 1330 3932 confirmamus.

136 3966 213 4030 Nuiii
231 3989 307 4052 ergo
325 3970 444 4034 omnino
461 3957 610 4036 hominum
633 3975 725 4038 liceat
740 3974 818 4039 hanc
842 3983 944 4041 nostre
962 3976 1097 4049 seriem,
1121 3996 1175 4040 seu
1191 3977 1331 4062 paginam

137 4075 373 4142 confirmacionis
397 4079 581 4160 intringere,
610 4080 656 4146 vei
681 4082 780 4147 eidem
797 4105 872 4148 ausu
888 4085 1050 4149 temerario
1067 4085 1226 4148 contraire.
1245 4084 1330 4166 Quod

135 4188 185 4268 qui
206 4208 295 4251 secus
318 4192 497 4272 attemptare
519 4194 750 4275 presumpserit,
776 4194 1017 4277 indignacionem
1034 4197 1165 4259 nostram
1182 4195 1330 4277 gravissi·

137 4312 211 4356 marn
227 4315 284 4358 non
303 4297 369 4361 sine
386 4296 545 4380 dispendio
562 4319 640 4382 pene
657 4300 760 4365 debite
776 4322 810 4365 se
827 4304 943 4367 noverit
958 4303 1134 4367 incurrisse.
1167 4302 1274 4367 Datum
1296 4304 1331 4368 in

143 4402 272 4467 Wercnc
294 4403 364 4469 Idus
392 4404 463 4469 Juiii
492 4408 575 4471 Anno
605 4409 723 4473 Domini
751 4409 911 4475 iiiiiiesimo
935 4412 1163 4477 Trecentesimo
1186 4413 1330 4476 vicesimo

137 4508 284 4584 Secundo,
302 4510 399 4596 Regni
415 4535 487 4580 vero
505 4518 598 4579 nostri
615 4536 691 4580 anno
709 4516 833 4583 Octavo.

153 4665 161 4682 ‚
197 4625 253 4677 orig.
273 4628 335 4678 Part.
359 4629 430 4680 (Prot.
450 4632 474 4670 ii.
495 4632 529 4672 Νι.
545 4630 592 4685 96.)
612 4633 654 4672 Dn
668 4631 844 4684 lirjestituiegci
866 4635 999 4688 (eugenitem
1020 4637 1053 4677 ioci
1076 4639 1164 4689 iirrgott
1185 4639 1255 4680 Assar.
1275 4639 1329 4680 Mon.

136 4696 158 4737 Τ.
175 4698 190 4735 i⁴
204 4698 254 4738 'isis-
269 4701 293 4740 V.
308 4713 327 4739 ι.
343 4699 377 4753 a.)
393 4701 456 4754 hingt
470 4715 493 4741 sn
508 4704 564 4743 einer
577 4705 712 4757 roth-gelbes
727 4707 887 4748 seiaesreusur.
