3242 5350
313 480 391 550 206

308 652 488 734 nomem,
510 654 688 737 Nycolnom
709 671 744 714 ac
769 658 891 715 ceteros
908 670 1011 714 eorum
1029 652 1194 735 complices
1212 650 1381 715 Canonioos
1398 650 1509 714 Newn-

309 761 480 843 burgenses
497 767 584 843 parte
600 765 760 825 vertuntur
775 779 812 824 ex
829 759 936 829 altera,
953 780 969 821 a
987 759 1068 822 Sede
1085 758 1258 841 apostolica
1275 758 1436 840 delegatis,
1453 775 1508 820 nec

310 889 369 931 non
393 888 494 932 coram
517 868 610 933 Vobis
634 868 759 932 Domino
785 868 933 951 Gotsrs‘dn
955 868 1057 931 Iudice
1080 865 1281 946 subdelegato
1304 888 1320 930 a
1341 865 1509 930 reverendo

308 986 396 1060 patre
412 978 532 1041 domino
549 978 650 1043 Vlro'co
665 976 785 1042 Attae
796 977 984 1041 monasterti
993 975 1206 1047 Medlicerasis,
1224 975 1333 1040 Judice
1350 974 1387 1038 ab
1404 972 1509 1036 eadem

311 1083 393 1148 Sede
419 1085 449 1147 in
473 1086 572 1147 causis
596 1084 742 1167 predictis
759 1083 919 1164 delegato,
937 1083 1002 1165 Ego
1020 1083 1192 1166 Stephanus
1209 1084 1381 1166 prepositus
1397 1082 1511 1145 Newn·

309 1192 473 1273 burgensis
501 1191 576 1256 Dico
605 1211 640 1256 ae
668 1211 815 1275 propono,
842 1191 921 1275 quod
948 1191 1021 1255 licet
1045 1191 1161 1274 pridem
1188 1190 1250 1255 Sub
1279 1194 1362 1254 Anno
1389 1190 1510 1253 Domini

311 1300 472 1364 Millesimo
489 1297 577 1363 CCC⁰
593 1300 737 1363 vicesimo
754 1300 848 1364 tercio
861 1300 1056 1364 Reverendus
1072 1308 1157 1384 pater
1170 1305 1200 1362 et
1213 1300 1360 1371 dominus,
1373 1299 1510 1362 dominus

309 1409 456 1475 Albertus
478 1408 680 1473 Potaoicnsis
706 1402 887 1496 Episcopus
910 1408 1142 1472 Honorabilibus
1165 1407 1245 1471 Viris
1269 1406 1343 1470 Diis
1369 1407 1510 1473 chra'eo

310 1516 417 1580 saneti
436 1514 557 1603 Ypoliti
571 1522 603 1579 ct
620 1515 800 1588 ll'ernbcrm
823 1518 929 1582 sancti
949 1516 1098 1581 Floriani
1112 1515 1377 1581 Mooosterionan
1387 1535 1510 1602 prepo-

310 1623 392 1691 sitis,
420 1629 453 1687 ct
479 1623 607 1687 Alberto
634 1624 765 1688 Dccono
793 1624 989 1696 Potavicnsi,
1016 1645 1077 1689 nce
1102 1645 1166 1688 noa
1187 1623 1342 1711 Magistro
1368 1622 1513 1689 Jobnnoa‘

312 1730 471 1795 Conantes
487 1730 603 1795 didere
619 1729 758 1795 Officium
774 1731 981 1814 inquisicianis
1006 1731 1183 1795 auctoritate
1206 1731 1355 1796 ordinaria
1376 1728 1434 1795 sub
1460 1729 1511 1792 tali

313 1840 410 1903 forma
425 1843 457 1902 et
471 1839 559 1901 modo
577 1838 789 1909 commisisset,
807 1846 839 1903 vt
854 1840 893 1904 ad
908 1840 1122 1903 monasterium
1138 1840 1380 1921 newnburgense
1397 1857 1508 1923 perso·

310 1947 419 2013 naliter
435 1947 630 2019 accedentes,
647 1968 740 2032 super
755 1953 836 2012 stato
852 1950 948 2033 ipsius
963 1948 1137 2027 monasterii
1151 1952 1213 2012 tam
1228 1950 1258 2012 in
1276 1950 1391 2032 eapite,
1415 1966 1506 2030 quarn

308 2056 339 2120 in
363 2056 522 2128 membris,
545 2055 662 2139 plenam
680 2061 711 2119 et
732 2057 888 2120 maximam
910 2057 1097 2141 inquirerent
1117 2057 1285 2120 veritatem.
1310 2056 1350 2121 Et
1363 2053 1511 2140 quidquid

311 2164 433 2247 dignum
450 2165 647 2230 correecione
663 2165 845 2238 inuenirent‚
861 2171 921 2230 tans
935 2167 965 2229 in
979 2165 1088 2249 capite,
1103 2185 1189 2249 quam
1201 2165 1231 2227 in
1243 2164 1395 2236 membris,
1413 2163 1511 2226 Deum
1531 2215 1539 2231 .

312 2271 451 2337 babendo
467 2294 523 2355 pre
540 2271 645 2346 oculis,
661 2279 783 2337 serrato
799 2274 874 2336 iuris
891 2273 996 2338 ordine
1010 2273 1082 2337 Viee
1094 2293 1149 2336 sus
1161 2274 1351 2356 corrigerent
1363 2277 1395 2336 ct
1406 2292 1513 2335 emen·

311 2378 428 2451 darent,
445 2387 477 2446 vt
493 2401 530 2444 ex
551 2381 762 2444 commissione
784 2378 938 2461 colligitur
964 2381 1133 2450 evidenter,
1158 2381 1249 2445 iidem
1265 2386 1365 2444 tamen
1381 2379 1513 2464 inquisi-

314 2495 397 2553 tores
413 2509 469 2554 seu
484 2489 611 2561 indices.
637 2489 818 2572 nescioquo
836 2488 919 2554 ducti
936 2488 1053 2571 spiritu,
1078 2489 1203 2552 formam
1220 2488 1351 2552 mandati
1366 2508 1425 2552 non
1444 2508 1513 2551 ser-

312 2604 427 2670 vantes,
451 2598 587 2662 omnibus
615 2597 681 2661 aliis
697 2597 917 2682 pretermissis,
945 2604 1049 2661 contra
1071 2616 1231 2683 personam
1258 2617 1355 2661 meam
1382 2601 1514 2660 tantum·

313 2705 403 2770 modo
425 2706 580 2791 inquirere
603 2706 792 2790 inceperunt,
816 2713 846 2770 et
867 2707 1001 2790 quamvis
1029 2705 1066 2770 ab
1089 2707 1133 2771 sis
1156 2726 1224 2771 cum
1246 2705 1348 2769 debita
1363 2704 1516 2769 instancia

316 2822 453 2898 peterem
469 2814 650 2897 inscriptis,
667 2820 698 2879 rt
712 2814 805 2879 michi
823 2814 963 2896 capitula,
979 2834 1071 2897 super
1086 2812 1194 2897 quibus
1210 2815 1321 2878 uellent
1343 2819 1451 2878 contra
1466 2832 1516 2876 me

313 2921 477 3006 inquirere,
494 2927 526 2986 et
541 2922 659 2987 nomina
675 2925 797 2987 testium
814 2923 988 2992 traderent,
1013 2942 1047 2986 ao
1065 2943 1112 2987 me
1128 2922 1166 2986 ad
1182 2923 1391 3006 opponendum
1407 2927 1515 2988 contra

313 3051 459 3115 personas
478 3037 509 3096 et
530 3031 611 3098 dicta
627 3034 749 3096 testium
765 3039 870 3096 eontra
886 3051 935 3094 me
951 3031 1213 3116 recipiendorum,
1229 3033 1354 3096 maxime
1371 3052 1438 3095 cum
1455 3034 1517 3096 boc

313 3138 419 3204 luerim
436 3145 505 3204 ante
522 3141 734 3224 recepcionem
751 3140 872 3204 testium
889 3144 1084 3223 protestatus,
1101 3138 1295 3203 admitterent
1310 3143 1341 3202 et
1355 3140 1517 3203 terminum

313 3253 532 3331 competentem
548 3269 583 3312 ac
599 3247 760 3313 iuridicum
772 3248 808 3313 sd
822 3247 1029 3311 defensionem
1043 3254 1136 3312 status
1146 3254 1177 3311 et
1187 3248 1310 3313 bonoris
1327 3248 1386 3311 mei
1402 3269 1518 3312 secun-

313 3356 382 3421 dum
406 3355 603 3420 tradicionem
619 3358 693 3421 iuris
709 3356 800 3421 michi
818 3356 1024 3439 assignarent.
1048 3362 1079 3419 et
1095 3356 1133 3420 ad
1149 3356 1352 3420 revocandum
1368 3356 1399 3419 in
1416 3356 1518 3421 conti·

314 3466 397 3528 nenti
414 3483 549 3527 errorem
566 3464 639 3527 tacti
655 3469 686 3527 et
697 3462 921 3535 declarandum,
937 3470 1027 3547 prout
1039 3463 1067 3526 in
1081 3462 1290 3549 appellacione
1303 3464 1424 3546 plenius
1437 3483 1516 3526 con·

313 3573 434 3643 tinctor,
458 3571 661 3638 admitterent.
686 3572 820 3637 Predioti
842 3579 945 3636 tamen
971 3572 1169 3657 inquisitores
1200 3579 1231 3637 et
1256 3574 1373 3638 iudices
1400 3573 1519 3655 spretis

314 3681 513 3767 peticionibus
530 3682 606 3746 meis
623 3684 667 3746 eis
683 3682 712 3744 in
730 3681 854 3765 scriptis
871 3682 1023 3764 porrectis
1040 3701 1075 3745 ac
1092 3681 1181 3745 lectis
1198 3700 1299 3745 coram
1324 3683 1381 3754 eis,
1406 3701 1521 3765 proee-

316 3789 414 3854 dendo
431 3790 462 3852 in
478 3810 569 3854 eausa
586 3810 621 3853 ea
639 3789 837 3871 denegarunt,
855 3795 886 3854 et
898 3790 1008 3854 Contra
1024 3810 1072 3852 me
1086 3789 1242 3854 absentem
1255 3789 1292 3853 ad
1304 3789 1522 3873 inquirendum

314 3903 419 3962 contra
435 3897 508 3962 iuris
526 3898 660 3963 ordinem
676 3903 904 3983 processerunt,
920 3904 952 3962 et
961 3899 1080 3962 omnino
1093 3899 1210 3981 copiam
1224 3897 1409 3962 detensionis
1421 3897 1522 3960 dene·

314 4008 435 4087 gerunt,
453 4024 489 4069 ex
505 4003 613 4089 quibus
629 4007 771 4070 senciens
788 4025 837 4068 me
853 4004 987 4069 indebite
1004 4011 1216 4088 aggravatum,
1240 4003 1277 4067 ab
1295 4003 1342 4067 eis
1358 4004 1396 4068 ad
1412 4004 1520 4068 sedem

315 4111 509 4196 apostolicam
523 4114 621 4178 statim
633 4114 663 4176 in
676 4112 800 4197 scriptis
810 4111 968 4196 appellari.
988 4112 1096 4176 Verum
1109 4111 1184 4176 dicti
1199 4112 1394 4196 inquisitores
1410 4112 1522 4176 buius·

314 4218 396 4283 modi
421 4217 627 4304 appellacione
654 4226 758 4304 spreta
785 4226 817 4283 et
839 4224 1020 4303 contempta,
1045 4225 1113 4303 post
1141 4218 1250 4283 dictam
1277 4220 1522 4304 appellacionem

315 4350 352 4393 cx
367 4327 456 4393 iustis
480 4333 511 4391 et
532 4327 763 4392 racionabilibus
789 4328 888 4392 causis
905 4348 961 4412 per
977 4348 1042 4399 me,
1058 4333 1090 4392 ut
1106 4332 1244 4412 apparet,
1259 4328 1475 4411 interpositam
1492 4333 1525 4390 et

316 4438 381 4501 eius
412 4436 656 4501 contradiccione
688 4437 857 4519 pendente,
888 4456 1051 4517 gravamen
1078 4435 1243 4518 gravamini
1274 4434 1524 4517 superaddentes

315 4545 397 4608 scelo
413 4543 491 4608 malo
508 4544 580 4607 moti
598 4549 700 4608 contra
716 4564 764 4607 ms
780 4544 820 4608 de
835 4545 916 4608 tacto
934 4544 1120 4608 diffinitivam
1137 4543 1322 4607 sentenciam
1340 4542 1524 4626 deposicio-

316 4652 380 4723 nis,
404 4650 429 4714 si
450 4657 582 4716 meretur
604 4651 664 4717 diei
680 4654 852 4726 sentencia,
868 4653 942 4716 iaris
959 4652 1064 4717 ordine
1080 4652 1258 4736 postposito,
1276 4649 1523 4733 promulgarunt,
