3242 5350
283 482 360 553 186

278 676 381 719 omnes
397 656 428 718 iu
453 654 574 719 Christo
598 674 654 739 per
669 655 749 717 sacri
772 652 887 718 ordinis
903 654 1126 737 professionem
1141 671 1230 716 vnum
1246 671 1368 736 eorpus,
1384 673 1476 716 vnum

277 783 342 836 cor,
367 767 398 827 et
413 764 510 827 anima
526 782 582 828 rua
599 762 701 826 effecti
716 763 781 825 Deo
798 760 977 824 unanimiter
998 766 1029 825 et
1045 760 1237 826 concorditer
1257 761 1287 825 in
1310 760 1426 825 diurnis
1442 764 1477 822 et

278 872 434 936 nocturnis
450 871 566 934 Divinis
583 869 692 934 officiis
709 869 810 953 quieto
824 873 856 932 et
873 862 1111 950 pacifico'eorde
1126 869 1259 932 serviant
1274 868 1476 934 incessanter.

279 977 355 1043 lllud
381 978 588 1050 attendentes,
611 976 691 1063 quod
713 997 771 1041 non
794 976 852 1039 nisi
868 977 899 1039 in
916 977 1000 1059 pacis
1015 980 1152 1060 tempore
1168 975 1248 1040 bene
1263 975 1374 1040 colitur
1388 977 1478 1059 pacis

277 1092 392 1151 auctor.
423 1086 516 1151 Porro
533 1105 599 1150 cum
617 1083 674 1158 bii,
691 1085 741 1169 qui
759 1084 845 1148 altari
860 1083 1048 1155 deserviunt,
1064 1084 1166 1147 virere
1183 1082 1315 1147 debeant
1326 1082 1364 1146 de
1376 1084 1478 1155 altari,

278 1214 335 1258 nec
359 1193 448 1277 ligari
464 1215 499 1257 os
519 1192 606 1257 bovis
631 1191 742 1257 debeat
764 1192 965 1260 tritturantis,
989 1190 1153 1255 Statuimus
1171 1194 1202 1255 et
1217 1191 1355 1255 districte
1370 1190 1477 1275 preci·

278 1302 389 1388 piendo
406 1302 590 1375 mandamus,
606 1307 637 1366 rt
653 1300 829 1386 Propositus
844 1299 986 1363 fratribus
1003 1304 1034 1363 et
1046 1300 1210 1365 Sororibus
1225 1302 1381 1383 rtriusque
1397 1298 1481 1363 Cou-

277 1416 385 1475 rentus
402 1409 574 1494 prebendas
591 1429 662 1473 suas
680 1411 709 1472 in
726 1409 819 1478 rictu,
836 1415 867 1472 et
882 1409 1002 1480 amictu,
1019 1413 1049 1472 et
1062 1407 1289 1472 consolaciones
1305 1413 1479 1472 consuetas

276 1518 470 1600 integraliter
490 1517 569 1580 iuxta
592 1517 743 1600 antiquam
768 1516 1016 1580 consuetudinem
1032 1515 1124 1579 faciat
1138 1517 1314 1589 ministrari,
1331 1520 1363 1580 et
1379 1516 1478 1580 domi·

277 1625 372 1690 nabus
389 1624 563 1708 specialiter
579 1625 673 1689 lineas
691 1630 723 1688 et
737 1625 811 1688 elias
828 1629 929 1689 vestes
944 1624 1024 1688 iuxta
1039 1643 1154 1688 morem
1166 1631 1342 1690 consuetum
1355 1623 1478 1688 debitas

277 1734 414 1800 subtrahi
431 1740 483 1799 aut
498 1732 622 1797 diminui
638 1733 775 1797 nolumus
792 1732 853 1797 rllo
869 1732 967 1797 modo.
984 1733 1057 1797 ltem
1073 1735 1231 1797 statuimus
1248 1739 1279 1798 et
1290 1733 1480 1806 mandamus,

278 1849 312 1909 rt
328 1843 459 1908 bostium
475 1849 507 1907 et
522 1843 667 1915 fenestra,
691 1840 800 1926 quibus
823 1843 882 1905 itur
898 1840 937 1910 de
953 1841 1039 1905 dumo
1056 1842 1204 1926 prepositi
1221 1848 1251 1907 et
1265 1843 1429 1927 respicitur
1445 1842 1479 1905 in

279 1950 463 2036 Capitulum,
488 1949 666 2015 omnimodis
686 1948 896 2024 obstruantur,
924 1969 1058 2033 uesper
1081 1949 1131 2013 illa
1154 1949 1192 2013 ab
1216 1949 1317 2035 aliquo
1332 1957 1479 2014 extraneo

278 2065 398 2124 secreta
414 2058 546 2144 Capituli
563 2058 661 2125 rideri
676 2058 795 2124 valeant
812 2065 843 2122 et
859 2059 966 2123 audiri.
991 2059 1064 2123 ltem
1080 2060 1270 2147 Equirrem
1285 2058 1479 2131 blonasterii‚

278 2187 366 2252 quam
383 2167 486 2232 babuit
500 2167 664 2233 ,lebannes
679 2168 720 2232 de
742 2167 930 2257 Sperndorf
946 2186 1003 2252 per
1023 2170 1219 2251 prepositum,
1236 2166 1346 2251 rbique
1363 2168 1480 2230 resumi

278 2277 414 2341 volumus
431 2283 462 2339 et
477 2274 595 2340 baberi.
612 2276 755 2340 Preterea
773 2295 839 2340 oum
856 2282 982 2359 propter
998 2296 1087 2339 serus
1109 2275 1304 2358 fragilitatem
1329 2275 1478 2340 mulieres

278 2385 392 2469 sepius,
418 2390 449 2448 et
472 2384 652 2470 quandoque
677 2385 801 2466 gravius
834 2384 908 2448 viris
935 2384 1079 2448 infirmari
1104 2385 1269 2468 connngat,
1298 2383 1478 2449 dilliniendo

280 2494 468 2566 mandamus,
490 2497 523 2557 vt
544 2492 792 2578 quandocumque
817 2491 957 2577 aliquam,
981 2493 1028 2557 rel
1052 2490 1166 2576 aliquas
1183 2512 1218 2556 er
1234 2491 1478 2558 sanctimoniali·

279 2600 335 2665 bus
352 2602 426 2665 adeo
444 2601 598 2673 intirmarl,
614 2622 667 2664 seu
685 2599 836 2666 debilitari
852 2601 1018 2684 contingat,
1037 2602 1115 2687 quod
1133 2608 1291 2686 opporteat
1313 2606 1363 2665 aut
1379 2620 1477 2686 erpe-

279 2707 341 2774 diat
357 2709 394 2773 ad
411 2709 527 2774 uicinus
543 2714 574 2773 et
589 2708 735 2774 honestos
753 2709 1007 2790 consanguineos,
1024 2728 1078 2773 seu
1094 2715 1254 2792 parentes,
1281 2715 1333 2773 aut
1347 2710 1377 2772 in
1393 2707 1479 2772 civi-

276 2822 370 2881 tatem
385 2818 514 2882 vicinam
530 2817 626 2901 ipsam
642 2837 698 2902 pro
715 2836 805 2881 eausa
822 2816 1002 2881 infirmitatis
1023 2823 1058 2882 et
1078 2818 1316 2901 recuperacione
1338 2817 1477 2880 sanitatis

276 2926 419 2997 transire,
443 2930 474 2988 et
496 2925 535 2989 de
560 2924 619 2990 boc
642 2928 778 2996 constet,
802 2930 853 2988 aut
875 2923 988 3009 liquido
1013 2931 1154 2989 constare
1169 2927 1267 3008 possit
1281 2926 1428 3008 Magistre
1445 2929 1479 2987 et

277 3033 452 3107 Sororibus,
470 3034 616 3107 uolumus,
633 3041 664 3099 rt
677 3034 775 3098 eidem
792 3033 830 3096 ad
843 3034 902 3098 hoc
915 3033 1097 3107 faciendum,
1109 3055 1204 3119 usque
1217 3033 1253 3098 ad
1267 3038 1382 3099 certum
1396 3038 1478 3097 tem·

279 3162 335 3224 pus
363 3141 560 3215 limitandum,
588 3163 644 3227 per
672 3142 864 3225 Prepesitum
893 3141 1063 3206 huiusmodi
1092 3142 1221 3207 licencia
1249 3163 1307 3206 nou
1336 3147 1478 3224 negetur.

277 3249 415 3332 lnsuper,
433 3250 502 3335 quia
515 3250 658 3314 mulieres
671 3249 843 3314 huiusmodi
859 3269 938 3314 nuuc
953 3259 1079 3333 propter
1092 3249 1275 3322 debilitates,
1290 3270 1369 3314 nune
1384 3269 1480 3335 prop·

278 3364 325 3421 ter
340 3358 527 3428 dalmaciam,
544 3358 611 3422 sire
627 3377 716 3422 sexus
731 3357 925 3440 fragilitatem
943 3358 1124 3443 specialibus
1139 3355 1298 3443 plurimum
1319 3358 1480 3438 indigeant

277 3466 539 3531 consolacionibus
554 3466 630 3529 ultra
647 3465 849 3549 prebendam,
872 3465 1031 3538 Volumus,
1055 3468 1224 3539 statuimus,
1240 3465 1416 3537 diffinimus,
1446 3470 1479 3528 et

278 3574 460 3649 ordinamus,
482 3579 515 3640 rt
534 3572 629 3638 libros
654 3593 708 3638 seu
732 3573 854 3638 libellos
878 3592 1093 3658 quoscumque,
1117 3572 1240 3658 cyphos
1265 3581 1296 3637 et
1318 3594 1390 3637 rasa
1407 3573 1477 3647 alia,

282 3704 384 3757 nouas,
402 3687 432 3747 in
450 3683 557 3768 quibus
573 3688 662 3767 pater
677 3688 791 3755 noster,
808 3686 860 3746 aut
875 3682 948 3746 alias
965 3683 1121 3746 oraciones
1132 3702 1290 3745 numerare
1304 3689 1479 3756 sueverunt,

279 3791 402 3867 Bursas,
419 3792 520 3866 Serta,
539 3791 701 3874 Cingulus,
719 3796 749 3855 el
764 3790 945 3863 huiusmodi,
961 3809 1019 3875 que
1035 3790 1166 3873 propriis
1182 3797 1271 3854 suunt
1293 3797 1325 3855 et
1339 3790 1480 3856 laborant

276 3901 421 3972 manibus.
450 3921 509 3985 que
536 3906 635 3966 tamen
664 3900 786 3985 publice
801 3904 834 3962 et
855 3899 974 3962 notorie
997 3897 1109 3962 babent
1130 3907 1162 3961 et
1184 3899 1307 3972 iaciunt,
1330 3900 1371 3963 de
1388 3900 1479 3965 Scitu

278 4011 376 4095 ipsius
390 4010 542 4093 Propositi
558 4015 589 4074 et
605 4008 751 4091 blagistre
767 4009 797 4071 iu
815 4009 875 4073 rita
892 4028 945 4071 sua
961 4007 1008 4072 rel
1019 4007 1050 4070 in
1062 4011 1158 4070 morte
1171 4012 1221 4071 aut
1232 4010 1338 4073 mortis
1350 4011 1478 4076 articulo

278 4119 422 4182 fratribus
440 4123 490 4182 aut
505 4117 700 4189 Dominabus,
718 4123 768 4180 aut
784 4116 850 4188 aliis
863 4115 1102 4201 quibuscumque
1114 4099 1254 4199 personis
1271 4137 1330 4181 nou
1346 4138 1479 4200 suspec-

278 4229 317 4291 tis
339 4247 394 4311 pro
421 4227 582 4292 animarum
606 4246 727 4291 suarum
750 4224 901 4297 remedio,
925 4229 976 4287 aut
998 4223 1072 4287 alias
1090 4243 1144 4307 pro
1161 4225 1225 4289 suis
1242 4225 1478 4290 necessitatibus

278 4356 332 4400 seu
354 4336 536 4419 indigenciis
552 4334 677 4407 babere,
700 4333 825 4410 donare,
842 4336 952 4421 lepore
974 4335 1105 4399 soleant
1120 4334 1221 4399 libero
1236 4356 1276 4400 uo
1290 4337 1410 4400 terrers·
1423 4355 1480 4419 pro

279 4464 333 4510 suo
356 4444 441 4509 libitu
465 4443 634 4510 uoluntatis.
652 4481 695 4492 -
715 4480 754 4491 -
774 4441 813 4506 vt
829 4448 927 4506 autem
944 4443 1001 4506 bec
1023 4442 1120 4505 omnia
1142 4446 1172 4505 et
1189 4443 1308 4525 singula
1328 4447 1480 4528 perpetue

278 4554 422 4617 memorie
445 4551 711 4623 commendentur,
739 4555 771 4614 et
794 4571 832 4614 ne
854 4551 961 4635 aliquis
986 4571 1092 4633 seper
1108 4571 1209 4615 eorum
1226 4552 1432 4633 ignoraneiara
1448 4553 1479 4614 in

279 4667 433 4744 posterum
455 4661 554 4726 valeat
576 4680 736 4732 excusare,
762 4665 924 4743 presentes
940 4658 1160 4733 diffiniciones,
1184 4664 1295 4724 statuta
1310 4664 1343 4723 et
1357 4659 1481 4724 ordina·
