3242 5350
268 483 290 547 2

266 665 411 731 dioclem
445 672 522 732 trooc
557 666 708 752 temporis
739 665 917 731 commocio
948 663 1126 748 postularit,
1164 669 1197 728 rt
1227 663 1286 729 sibi
1317 662 1465 750 quasdam

268 774 502 839 convencionem
519 795 585 839 cum
602 774 653 839 illo
670 775 774 839 facere
790 773 891 848 liceat,
908 773 987 858 quod
1003 779 1035 838 et
1049 772 1161 837 sactum
1176 779 1233 837 est.
1258 772 1348 837 Petiit
1363 773 1468 859 itaque

268 883 404 966 prelatus
435 882 602 953 Arnoldus,
633 889 665 947 rt
692 904 784 966 agros
812 883 973 968 quosdam,
1004 903 1081 967 quos
1109 882 1248 968 Officino
1278 902 1404 947 comere
1430 881 1468 945 in

269 991 418 1058 Crocor'ta
441 992 572 1057 habebat
593 991 728 1076 plenario
745 992 811 1056 rsui
828 1012 886 1055 non
902 992 1078 1056 adiacentes
1098 990 1256 1055 tributario
1273 990 1307 1055 x.
1324 990 1469 1055 denario·

268 1121 334 1164 rum
351 1102 480 1184 singulis
497 1105 584 1166 annis
601 1100 868 1186 persolvendorum
882 1100 983 1188 (iure)
999 1101 1126 1165 hominis
1143 1101 1263 1184 penitus
1279 1105 1394 1164 remoto
1407 1098 1468 1162 sibi

269 1210 463 1283 concederet,
480 1210 634 1274 affirmans
651 1210 746 1275 eciam
763 1211 842 1295 quod
859 1216 1000 1295 parentes
1016 1210 1062 1274 sui
1077 1208 1218 1274 Ecclesia
1233 1209 1355 1273 eosdem
1374 1227 1468 1291 agros

269 1317 465 1393 contulerint,
489 1319 527 1384 ob
550 1339 675 1403 quorum
700 1325 731 1383 et
754 1319 800 1382 aui
821 1319 994 1382 memoriam
1010 1318 1114 1381 eadam
1132 1317 1208 1381 bona
1225 1319 1254 1381 in
1271 1317 1467 1399 agricultura,

269 1426 412 1502 edificiis,
443 1428 584 1494 silvarum
611 1427 750 1491 custodia
774 1434 804 1492 et
820 1425 1058 1513 quibuscumque
1086 1432 1192 1510 posset
1219 1431 1281 1490 toto
1298 1425 1366 1488 nisu
1390 1425 1466 1489 velit

270 1540 475 1621 augmentare,
492 1556 528 1600 ea
541 1541 639 1601 tamen
653 1536 843 1609 condicione,
860 1541 891 1599 vt
902 1536 971 1599 dum
984 1556 1102 1621 cunque
1114 1554 1238 1600 censum
1254 1534 1335 1599 illum
1353 1555 1468 1599 annua·

269 1647 321 1710 tim
338 1645 495 1717 tribueret,
518 1664 575 1708 nec
597 1644 734 1729 predicto
752 1643 938 1717 camerario,
962 1664 1019 1708 nec
1035 1644 1088 1708 ulli
1104 1645 1276 1709 successori
1292 1663 1346 1707 suo
1364 1663 1466 1706 cuma

269 1752 417 1838 predictis
440 1752 522 1836 agris
545 1773 601 1837 per
617 1752 664 1816 sui
680 1751 774 1816 solius
791 1753 881 1818 vitam
898 1746 1057 1817 removere
1074 1750 1197 1824 liceret,
1220 1752 1277 1815 nisi
1293 1753 1372 1816 iorte
1389 1772 1466 1837 qua·

268 1882 385 1946 cunque
402 1861 566 1926 occasione
582 1880 705 1925 censum
721 1881 807 1924 auum
824 1858 1005 1925 subtrahere
1023 1864 1225 1944 presumeret,
1249 1866 1318 1946 post
1333 1860 1468 1925 dissolu·

268 1970 385 2034 cionem
401 1990 473 2035 roro
490 1970 591 2034 earnis
613 1988 684 2042 sue,
708 1988 765 2033 nec
782 1964 836 2032 lilii
853 1971 936 2042 eius,
962 1990 1019 2034 nec
1037 1970 1174 2054 cognati,
1198 1990 1253 2034 nec
1271 1966 1324 2034 vlli
1340 1976 1468 2054 nepotes

268 2079 375 2143 eadem
397 2078 476 2143 lona
492 2079 539 2143 rol
557 2074 616 2142 vlla
635 2079 729 2151 bona,
752 2094 812 2163 que
829 2081 895 2162 ipse
912 2078 1083 2152 adauxerit,
1106 2078 1235 2142 hominis
1258 2079 1304 2143 rel
1330 2078 1467 2143 censuali

267 2188 333 2252 iure
345 2186 393 2252 rel
407 2196 586 2275 quocunque
603 2187 690 2251 modo
709 2180 864 2271 appellare
879 2193 1098 2271 presumerent.
1121 2187 1186 2268 Ego
1203 2188 1305 2274 itaquo
1321 2185 1466 2259 seriatim,

269 2298 301 2360 it
318 2294 429 2362 dictum
446 2300 504 2367 est,
521 2296 580 2360 hoc
597 2288 797 2359 deierminato
815 2299 924 2375 rogatu
939 2296 1106 2379 utriusque,
1123 2294 1243 2360 scilicet
1259 2294 1424 2359 camerarii
1437 2299 1469 2359 et

268 2406 481 2490 prememorati
497 2398 630 2476 Arnoldi,
648 2402 687 2468 olo
704 2402 792 2467 liuius
817 2403 900 2486 pacti
916 2404 1132 2468 certitudinem
1149 2409 1181 2469 et
1196 2404 1285 2469 litere
1301 2403 1465 2469 conflrma-

270 2515 386 2578 ciunem
404 2513 665 2578 future-memorie
682 2510 822 2593 Sigillum
846 2532 945 2576 meum
967 2513 1119 2598 impressi.
1144 2510 1238 2576 liuius
1260 2513 1468 2578 conventionis

268 2622 364 2688 testes
373 2629 443 2688 aunt
454 2621 511 2687 hii:
527 2623 704 2710 Geronpuo,
713 2622 802 2709 [ilius
814 2621 917 2709 ipsius
924 2621 1071 2701 rimoldi,
1085 2621 1275 2701 Gontlrerua,
1287 2612 1468 2689 Hcrtwicua

269 2733 309 2798 de
325 2733 490 2804 Pracwiclr,
506 2731 677 2798 Heinricuo
695 2731 845 2804 Sclailclre,
864 2733 1065 2820 Pilpcrr'mua,
1082 2734 1261 2800 Hertroicus
1274 2737 1381 2818 frater
1398 2734 1469 2798 cius

270 2847 301 2908 et
313 2842 363 2906 alii
375 2861 462 2926 quam
476 2842 590 2926 plures.
607 2837 713 2906 letum
729 2860 804 2905 anno
819 2841 966 2905 dominice
979 2842 1199 2907 incarnacionis
1215 2839 1467 2907 llAELXXXXV.

269 2951 364 3016 lodic.
381 2951 465 3023 xffl,
488 2949 563 3017 llllll
580 2951 645 3014 Kal.
662 2949 795 3015 ianuarii
819 2957 898 3037 aput
920 2949 1095 3039 Strozdurp
1110 2951 1251 3027 feliciter,
1275 2954 1367 3018 Anno
1384 2953 1467 3017 clec-

269 3060 371 3126 oiooia
383 3067 414 3125 ct
425 3057 679 3127 consecracionis
690 3081 759 3124 mec
770 3059 889 3146 primo,
902 3077 938 3123 eo
950 3059 1014 3137 die,
1026 3081 1085 3148 pao
1092 3061 1244 3148 primitae
1251 3057 1471 3150 procinpcbor

269 3169 372 3236 itureos
391 3170 426 3234 in
441 3165 631 3235 Marciiom.

448 3291 556 3334 ussurus
564 3306 603 3333 ror
613 3292 707 3333 11ιυίιί
718 3293 774 3333 llud
784 3293 805 3333 ir
815 3294 852 3335 der
862 3294 979 3346 Sannlug
989 3294 1025 3335 aler
1035 3293 1162 3335 mro-suec
1171 3294 1235 3335 diter
1245 3295 1331 3346 Ιιςιιι
1341 3292 1409 3334 Klein.

341 3394 381 3449 Du
394 3395 523 3450 Wernlrer
542 3387 589 3449 das
607 3393 671 3449 Jahr
685 3394 754 3450 1195
769 3396 808 3450 als
828 3396 876 3451 das
896 3399 969 3451 crate
981 3396 1046 3451 Jahr
1059 3396 1145 3450 seiner
1158 3395 1351 3451 bischoiliclron
1364 3395 1466 3450 Wdrde

270 3485 433 3547 bezeichnet,
446 3499 476 3538 so
490 3485 580 3540 rrurde
593 3502 632 3548 er,
646 3484 695 3538 rrio
708 3485 755 3540 das
769 3487 864 3541 cirron
879 3487 977 3541 Salisio.
991 3488 1024 3541 ad
1037 3503 1132 3541 annum
1145 3487 1217 3542 1191
1229 3488 1326 3557 riehtig
1337 3488 1470 3550 bemcrkt,

270 3575 411 3632 illinon
435 3571 483 3631 der
500 3576 625 3648 Propstei
642 3567 886 3649 Klosterneuburgs
908 3593 967 3631 aum
990 3577 1183 3632 bischoiiiclrcn
1204 3578 1298 3632 Stullc
1318 3589 1371 3634 ror
1393 3579 1470 3632 Gurk

268 3665 377 3720 beroien
390 3666 494 3722 worden
507 3668 578 3732 scin,
598 3667 673 3721 nicht
689 3666 724 3721 im
737 3666 818 3722 Jahre
834 3668 913 3732 1192,
936 3669 985 3722 rrie
999 3669 1047 3723 das
1060 3669 1208 3724 chronicon
1217 3670 1340 3724 lustrale
1355 3671 1470 3724 nnsetrt.

268 3756 296 3809 ln
314 3756 381 3810 eben
393 3757 546 3813 demsclben
564 3760 643 3814 Jahre
664 3757 751 3813 scinor
765 3758 842 3812 Wahl
862 3758 992 3814 nchankte
1005 3760 1116 3815 Birchoi
1131 3761 1259 3816 wernher
1273 3760 1332 3817 dem
1346 3761 1428 3816 scine
1442 3761 1470 3815 in

268 3847 311 3901 dic
325 3848 450 3904 Gusterci
461 3850 538 3904 einen
550 3848 730 3921 Weingartan.
748 3848 813 3904 cod.
826 3849 906 3904 Tnd.
919 3850 966 3904 iol.
979 3851 1025 3913 89,
1039 3849 1085 3906 Nr.
1097 3852 1160 3908 110.

840 4070 899 4149 lll.

267 4213 373 4289 Prope
395 4214 526 4272 uuna
544 4233 600 4273 soa
621 4205 865 4285 monciacum
883 4215 1005 4272 samu
1027 4187 1159 4273 Μὶν
1179 4234 1235 4274 soa
1254 4218 1402 4274 ortano
1423 4219 1471 4274 aa

619 4308 691 4364 Jcclr
704 4306 897 4363 Aclrerlondca
908 4324 945 4363 aa
963 4306 1116 4378 Weidlr'oy.

724 4436 786 4491 Dat.
798 4436 935 4491 Klortcrn.
952 4455 976 4492 s.
988 4438 1015 4492 d.

357 4573 390 4636 ln
405 4573 524 4637 nomine
536 4580 642 4638 sancte
654 4579 686 4638 et
701 4574 857 4640 individue
872 4576 1026 4641 trinitatis.
1043 4595 1139 4640 amen.
1157 4576 1265 4641 Notum
1278 4579 1318 4641 sit
1329 4577 1469 4643 omnibus

268 4687 328 4747 tam
350 4675 554 4769 presentibus,
574 4697 660 4767 quam
686 4685 806 4756 tuturis,
826 4685 910 4770 quod
934 4701 992 4768 ego
1016 4683 1194 4753 Waoteras
1209 4688 1470 4774 Nimburpcnsie
