<?xml version="1.0" encoding="UTF-8"?>
<!DOCTYPE html PUBLIC "-//W3C//DTD XHTML 1.0 Transitional//EN"
    "http://www.w3.org/TR/xhtml1/DTD/xhtml1-transitional.dtd">
<html xmlns="http://www.w3.org/1999/xhtml" xml:lang="en" lang="en">
 <head>
  <title>
</title>
<meta http-equiv="Content-Type" content="text/html;charset=utf-8" />
  <meta name='ocr-system' content='tesseract 3.04.00' />
  <meta name='ocr-capabilities' content='ocr_page ocr_carea ocr_par ocr_line ocrx_word'/>
</head>
<body>
  <div class='ocr_page' id='page_1' title='image "./fontesrerumaust10unkngoog_0536.png"; bbox 0 0 3242 5350; ppageno 0'>
   <div class='ocr_carea' id='block_1_1' title="bbox 1219 477 1296 552">
    <p class='ocr_par' dir='ltr' id='par_1_1' title="bbox 1219 477 1296 552">
     <span class='ocr_line' id='line_1_1' title="bbox 1219 477 1296 552; baseline 0 0"><span class='ocrx_word' id='word_1_1' title='bbox 1219 477 1296 552; x_wconf 76' lang='lat'>459</span> 
     </span>
    </p>
   </div>
   <div class='ocr_carea' id='block_1_2' title="bbox 111 647 1306 2379">
    <p class='ocr_par' dir='ltr' id='par_1_2' title="bbox 111 647 1306 2379">
     <span class='ocr_line' id='line_1_2' title="bbox 120 647 1303 738; baseline 0.001 -18"><span class='ocrx_word' id='word_1_2' title='bbox 120 663 151 720; x_wconf 90' lang='lat' dir='ltr'>et</span> <span class='ocrx_word' id='word_1_3' title='bbox 180 650 234 720; x_wconf 70' lang='lat' dir='ltr'>dni</span> <span class='ocrx_word' id='word_1_4' title='bbox 268 658 360 724; x_wconf 87' lang='lat' dir='ltr'>nostri</span> <span class='ocrx_word' id='word_1_5' title='bbox 391 656 506 722; x_wconf 77' lang='lat' dir='ltr'>liberti</span> <span class='ocrx_word' id='word_1_6' title='bbox 536 647 593 738; x_wconf 72' lang='lat' dir='ltr'>Epi</span> <span class='ocrx_word' id='word_1_7' title='bbox 624 656 724 721; x_wconf 83' lang='lat' dir='ltr'>Pater.</span> <span class='ocrx_word' id='word_1_8' title='bbox 756 655 891 721; x_wconf 84' lang='lat' dir='ltr'>duximus</span> <span class='ocrx_word' id='word_1_9' title='bbox 923 655 1167 730; x_wconf 75' lang='lat' dir='ltr'>confirmandam,</span> <span class='ocrx_word' id='word_1_10' title='bbox 1208 656 1303 721; x_wconf 89' lang='lat' dir='ltr'>Preli-</span> 
     </span>
     <span class='ocr_line' id='line_1_3' title="bbox 120 765 1304 852; baseline 0.002 -24"><span class='ocrx_word' id='word_1_11' title='bbox 120 765 242 831; x_wconf 87' lang='lat' dir='ltr'>cientes</span> <span class='ocrx_word' id='word_1_12' title='bbox 269 768 503 852; x_wconf 87' lang='lat' dir='ltr'>prenominatum</span> <span class='ocrx_word' id='word_1_13' title='bbox 528 787 593 831; x_wconf 79' lang='lat' dir='ltr'>ren.</span> <span class='ocrx_word' id='word_1_14' title='bbox 623 765 771 829; x_wconf 92' lang='lat' dir='ltr'>dominum</span> <span class='ocrx_word' id='word_1_15' title='bbox 792 765 969 831; x_wconf 84' lang='lat' dir='ltr'>Jobonoem</span> <span class='ocrx_word' id='word_1_16' title='bbox 992 767 1108 831; x_wconf 68' lang='lat' dir='ltr'>dimona</span> <span class='ocrx_word' id='word_1_17' title='bbox 1124 766 1242 832; x_wconf 84' lang='lat' dir='ltr'>Snobel</span> <span class='ocrx_word' id='word_1_18' title='bbox 1263 766 1304 831; x_wconf 82' lang='lat' dir='ltr'>dc</span> 
     </span>
     <span class='ocr_line' id='line_1_4' title="bbox 111 874 1304 961; baseline -0.003 -20"><span class='ocrx_word' id='word_1_19' title='bbox 111 877 268 961; x_wconf 76' lang='lat' dir='ltr'>purkstul</span> <span class='ocrx_word' id='word_1_20' title='bbox 282 877 379 941; x_wconf 89' lang='lat' dir='ltr'>eidem</span> <span class='ocrx_word' id='word_1_21' title='bbox 392 876 517 941; x_wconf 84' lang='lat' dir='ltr'>Monesi.</span> <span class='ocrx_word' id='word_1_22' title='bbox 531 874 732 958; x_wconf 79' lang='lat' dir='ltr'>Hcrtrogenb.</span> <span class='ocrx_word' id='word_1_23' title='bbox 746 877 774 938; x_wconf 94' lang='lat' dir='ltr'>in</span> <span class='ocrx_word' id='word_1_24' title='bbox 787 877 974 960; x_wconf 81' lang='lat' dir='ltr'><strong>prepositum</strong></span> <span class='ocrx_word' id='word_1_25' title='bbox 988 881 1019 940; x_wconf 91' lang='lat' dir='ltr'>et</span> <span class='ocrx_word' id='word_1_26' title='bbox 1029 876 1186 960; x_wconf 84' lang='lat' dir='ltr'>prelatum,</span> <span class='ocrx_word' id='word_1_27' title='bbox 1203 894 1304 938; x_wconf 88' lang='lat' dir='ltr'>euram</span> 
     </span>
     <span class='ocr_line' id='line_1_5' title="bbox 114 983 1304 1071; baseline -0.002 -24"><span class='ocrx_word' id='word_1_28' title='bbox 114 984 283 1050; x_wconf 85' lang='lat' dir='ltr'>animarum</span> <span class='ocrx_word' id='word_1_29' title='bbox 296 984 392 1071; x_wconf 87' lang='lat' dir='ltr'>plebis</span> <span class='ocrx_word' id='word_1_30' title='bbox 404 985 540 1051; x_wconf 87' lang='lat' dir='ltr'>subiecto</span> <span class='ocrx_word' id='word_1_31' title='bbox 556 1006 590 1051; x_wconf 90' lang='lat' dir='ltr'>ao</span> <span class='ocrx_word' id='word_1_32' title='bbox 605 985 843 1050; x_wconf 88' lang='lat' dir='ltr'>iurisdictionem</span> <span class='ocrx_word' id='word_1_33' title='bbox 859 991 890 1050; x_wconf 88' lang='lat' dir='ltr'>et</span> <span class='ocrx_word' id='word_1_34' title='bbox 906 984 1195 1050; x_wconf 87' lang='lat' dir='ltr'>administracionern</span> <span class='ocrx_word' id='word_1_35' title='bbox 1212 983 1304 1068; x_wconf 91' lang='lat' dir='ltr'>spiri·</span> 
     </span>
     <span class='ocr_line' id='line_1_6' title="bbox 116 1093 1305 1181; baseline -0.002 -22"><span class='ocrx_word' id='word_1_36' title='bbox 116 1096 244 1159; x_wconf 88' lang='lat' dir='ltr'>tualium</span> <span class='ocrx_word' id='word_1_37' title='bbox 257 1095 502 1181; x_wconf 87' lang='lat' dir='ltr'>ettempnralium</span> <span class='ocrx_word' id='word_1_38' title='bbox 521 1093 564 1159; x_wconf 92' lang='lat' dir='ltr'>ibi</span> <span class='ocrx_word' id='word_1_39' title='bbox 582 1093 680 1158; x_wconf 88' lang='lat' dir='ltr'>cidem</span> <span class='ocrx_word' id='word_1_40' title='bbox 699 1096 898 1159; x_wconf 87' lang='lat' dir='ltr'>comittentes.</span> <span class='ocrx_word' id='word_1_41' title='bbox 919 1093 984 1176; x_wconf 83' lang='lat' dir='ltr'>Quo</span> <span class='ocrx_word' id='word_1_42' title='bbox 998 1095 1080 1160; x_wconf 89' lang='lat' dir='ltr'>oiron</span> <span class='ocrx_word' id='word_1_43' title='bbox 1092 1094 1175 1158; x_wconf 84' lang='lat' dir='ltr'>vobis</span> <span class='ocrx_word' id='word_1_44' title='bbox 1187 1093 1305 1157; x_wconf 90' lang='lat' dir='ltr'>domino</span> 
     </span>
     <span class='ocr_line' id='line_1_7' title="bbox 116 1202 1305 1289; baseline -0.003 -22"><span class='ocrx_word' id='word_1_45' title='bbox 116 1204 246 1268; x_wconf 83' lang='lat' dir='ltr'>Deoono</span> <span class='ocrx_word' id='word_1_46' title='bbox 270 1210 301 1270; x_wconf 88' lang='lat' dir='ltr'>ct</span> <span class='ocrx_word' id='word_1_47' title='bbox 322 1205 480 1269; x_wconf 80' lang='lat' dir='ltr'>conventui</span> <span class='ocrx_word' id='word_1_48' title='bbox 502 1203 648 1289; x_wconf 76' lang='lat' dir='ltr'>predictis</span> <span class='ocrx_word' id='word_1_49' title='bbox 672 1209 703 1267; x_wconf 91' lang='lat' dir='ltr'>et</span> <span class='ocrx_word' id='word_1_50' title='bbox 725 1202 860 1267; x_wconf 88' lang='lat' dir='ltr'>omnibus</span> <span class='ocrx_word' id='word_1_51' title='bbox 881 1203 947 1268; x_wconf 86' lang='lat' dir='ltr'>aliis</span> <span class='ocrx_word' id='word_1_52' title='bbox 969 1207 1000 1267; x_wconf 91' lang='lat' dir='ltr'>et</span> <span class='ocrx_word' id='word_1_53' title='bbox 1015 1203 1155 1287; x_wconf 78' lang='lat' dir='ltr'>singulis,</span> <span class='ocrx_word' id='word_1_54' title='bbox 1181 1219 1305 1287; x_wconf 88' lang='lat' dir='ltr'>quorum</span> 
     </span>
     <span class='ocr_line' id='line_1_8' title="bbox 116 1310 1304 1396; baseline -0.001 -21"><span class='ocrx_word' id='word_1_55' title='bbox 116 1314 250 1377; x_wconf 87' lang='lat' dir='ltr'>interest</span> <span class='ocrx_word' id='word_1_56' title='bbox 277 1314 324 1378; x_wconf 85' lang='lat' dir='ltr'>rei</span> <span class='ocrx_word' id='word_1_57' title='bbox 352 1314 488 1378; x_wconf 88' lang='lat' dir='ltr'>intererit</span> <span class='ocrx_word' id='word_1_58' title='bbox 514 1313 544 1376; x_wconf 90' lang='lat' dir='ltr'>in</span> <span class='ocrx_word' id='word_1_59' title='bbox 560 1314 700 1386; x_wconf 85' lang='lat' dir='ltr'>futurum,</span> <span class='ocrx_word' id='word_1_60' title='bbox 728 1311 855 1376; x_wconf 87' lang='lat' dir='ltr'>tirmiter</span> <span class='ocrx_word' id='word_1_61' title='bbox 878 1312 1058 1396; x_wconf 73' lang='lat' dir='ltr'>iniungimus</span> <span class='ocrx_word' id='word_1_62' title='bbox 1081 1331 1117 1376; x_wconf 89' lang='lat' dir='ltr'>ac</span> <span class='ocrx_word' id='word_1_63' title='bbox 1137 1312 1167 1375; x_wconf 95' lang='lat' dir='ltr'>in</span> <span class='ocrx_word' id='word_1_64' title='bbox 1194 1310 1304 1375; x_wconf 77' lang='lat' dir='ltr'>virtute</span> 
     </span>
     <span class='ocr_line' id='line_1_9' title="bbox 115 1419 1302 1506; baseline -0.003 -20"><span class='ocrx_word' id='word_1_65' title='bbox 115 1429 227 1486; x_wconf 78' lang='lat' dir='ltr'>sancte</span> <span class='ocrx_word' id='word_1_66' title='bbox 242 1421 419 1487; x_wconf 78' lang='lat' dir='ltr'>obediencie</span> <span class='ocrx_word' id='word_1_67' title='bbox 435 1428 467 1486; x_wconf 91' lang='lat' dir='ltr'>et</span> <span class='ocrx_word' id='word_1_68' title='bbox 481 1424 699 1488; x_wconf 77' lang='lat' dir='ltr'>commissionis</span> <span class='ocrx_word' id='word_1_69' title='bbox 715 1421 802 1486; x_wconf 89' lang='lat' dir='ltr'>nobis</span> <span class='ocrx_word' id='word_1_70' title='bbox 819 1423 897 1486; x_wconf 84' lang='lat' dir='ltr'>fecte</span> <span class='ocrx_word' id='word_1_71' title='bbox 914 1421 1109 1506; x_wconf 81' lang='lat' dir='ltr'>precipiendo</span> <span class='ocrx_word' id='word_1_72' title='bbox 1121 1419 1302 1493; x_wconf 80' lang='lat' dir='ltr'>mundamus,</span> 
     </span>
     <span class='ocr_line' id='line_1_10' title="bbox 114 1528 1306 1617; baseline -0.002 -22"><span class='ocrx_word' id='word_1_73' title='bbox 114 1539 270 1615; x_wconf 77' lang='lat' dir='ltr'>quatenus</span> <span class='ocrx_word' id='word_1_74' title='bbox 291 1533 479 1617; x_wconf 89' lang='lat' dir='ltr'>sepedictum</span> <span class='ocrx_word' id='word_1_75' title='bbox 500 1532 666 1597; x_wconf 74' lang='lat' dir='ltr'>iohannem</span> <span class='ocrx_word' id='word_1_76' title='bbox 688 1532 719 1595; x_wconf 90' lang='lat' dir='ltr'>in</span> <span class='ocrx_word' id='word_1_77' title='bbox 739 1532 926 1614; x_wconf 85' lang='lat' dir='ltr'>prepositum</span> <span class='ocrx_word' id='word_1_78' title='bbox 942 1530 1107 1617; x_wconf 81' lang='lat' dir='ltr'>supradicti</span> <span class='ocrx_word' id='word_1_79' title='bbox 1131 1528 1306 1594; x_wconf 82' lang='lat' dir='ltr'>Monesterii</span> 
     </span>
     <span class='ocr_line' id='line_1_11' title="bbox 116 1636 1306 1725; baseline -0.001 -22"><span class='ocrx_word' id='word_1_80' title='bbox 116 1641 148 1705; x_wconf 91' lang='lat' dir='ltr'>in</span> <span class='ocrx_word' id='word_1_81' title='bbox 181 1642 451 1724; x_wconf 80' lang='lat' dir='ltr'>Hertzogenburgs</span> <span class='ocrx_word' id='word_1_82' title='bbox 479 1647 635 1725; x_wconf 77' lang='lat' dir='ltr'>gratanter</span> <span class='ocrx_word' id='word_1_83' title='bbox 663 1641 832 1725; x_wconf 87' lang='lat' dir='ltr'>recipiatis,</span> <span class='ocrx_word' id='word_1_84' title='bbox 856 1640 915 1705; x_wconf 93' lang='lat' dir='ltr'>sibi</span> <span class='ocrx_word' id='word_1_85' title='bbox 941 1638 1145 1704; x_wconf 84' lang='lat' dir='ltr'>obedienciam</span> <span class='ocrx_word' id='word_1_86' title='bbox 1173 1636 1306 1703; x_wconf 86' lang='lat' dir='ltr'>debitam</span> 
     </span>
     <span class='ocr_line' id='line_1_12' title="bbox 117 1745 1306 1830; baseline -0.003 -17"><span class='ocrx_word' id='word_1_87' title='bbox 117 1751 268 1816; x_wconf 85' lang='lat' dir='ltr'>iacientes</span> <span class='ocrx_word' id='word_1_88' title='bbox 280 1771 316 1815; x_wconf 86' lang='lat' dir='ltr'>ac</span> <span class='ocrx_word' id='word_1_89' title='bbox 330 1752 368 1816; x_wconf 92' lang='lat' dir='ltr'>de</span> <span class='ocrx_word' id='word_1_90' title='bbox 384 1749 540 1825; x_wconf 82' lang='lat' dir='ltr'>fructibus,</span> <span class='ocrx_word' id='word_1_91' title='bbox 557 1750 737 1823; x_wconf 78' lang='lat' dir='ltr'>redditibus,</span> <span class='ocrx_word' id='word_1_92' title='bbox 752 1748 886 1822; x_wconf 81' lang='lat' dir='ltr'>duribus,</span> <span class='ocrx_word' id='word_1_93' title='bbox 904 1745 1140 1812; x_wconf 71' lang='lat' dir='ltr'>obtensionibus</span> <span class='ocrx_word' id='word_1_94' title='bbox 1157 1765 1192 1810; x_wconf 84' lang='lat' dir='ltr'>no</span> <span class='ocrx_word' id='word_1_95' title='bbox 1208 1747 1306 1830; x_wconf 90' lang='lat' dir='ltr'>perti-</span> 
     </span>
     <span class='ocr_line' id='line_1_13' title="bbox 120 1855 1305 1945; baseline -0.003 -23"><span class='ocrx_word' id='word_1_96' title='bbox 120 1860 242 1924; x_wconf 88' lang='lat' dir='ltr'>nenciis</span> <span class='ocrx_word' id='word_1_97' title='bbox 259 1855 386 1940; x_wconf 82' lang='lat' dir='ltr'>¹singulis</span> <span class='ocrx_word' id='word_1_98' title='bbox 403 1859 440 1923; x_wconf 89' lang='lat' dir='ltr'>ad</span> <span class='ocrx_word' id='word_1_99' title='bbox 456 1861 674 1945; x_wconf 79' lang='lat' dir='ltr'>preposituram</span> <span class='ocrx_word' id='word_1_100' title='bbox 691 1858 858 1944; x_wconf 84' lang='lat' dir='ltr'>predictum</span> <span class='ocrx_word' id='word_1_101' title='bbox 883 1878 936 1922; x_wconf 89' lang='lat' dir='ltr'>seu</span> <span class='ocrx_word' id='word_1_102' title='bbox 954 1856 1145 1939; x_wconf 83' lang='lat' dir='ltr'>idemipsum</span> <span class='ocrx_word' id='word_1_103' title='bbox 1161 1860 1305 1940; x_wconf 84' lang='lat' dir='ltr'>spectan-</span> 
     </span>
     <span class='ocr_line' id='line_1_14' title="bbox 121 1965 1304 2054; baseline -0.003 -21"><span class='ocrx_word' id='word_1_104' title='bbox 121 1968 206 2033; x_wconf 87' lang='lat' dir='ltr'>tibus</span> <span class='ocrx_word' id='word_1_105' title='bbox 228 1970 347 2050; x_wconf 83' lang='lat' dir='ltr'>integre</span> <span class='ocrx_word' id='word_1_106' title='bbox 368 1975 397 2032; x_wconf 89' lang='lat' dir='ltr'>et</span> <span class='ocrx_word' id='word_1_107' title='bbox 415 1968 531 2053; x_wconf 83' lang='lat' dir='ltr'>absque</span> <span class='ocrx_word' id='word_1_108' title='bbox 547 1968 745 2033; x_wconf 87' lang='lat' dir='ltr'>diminucione</span> <span class='ocrx_word' id='word_1_109' title='bbox 761 1965 895 2054; x_wconf 87' lang='lat' dir='ltr'>qualibet</span> <span class='ocrx_word' id='word_1_110' title='bbox 915 1966 1148 2050; x_wconf 85' lang='lat' dir='ltr'>respondentes,</span> <span class='ocrx_word' id='word_1_111' title='bbox 1165 1965 1304 2051; x_wconf 82' lang='lat' dir='ltr'>Alioquin</span> 
     </span>
     <span class='ocr_line' id='line_1_15' title="bbox 123 2073 1305 2161; baseline -0.001 -23"><span class='ocrx_word' id='word_1_112' title='bbox 123 2077 299 2140; x_wconf 81' lang='lat' dir='ltr'>sentencias</span> <span class='ocrx_word' id='word_1_113' title='bbox 316 2096 388 2161; x_wconf 88' lang='lat' dir='ltr'>quas</span> <span class='ocrx_word' id='word_1_114' title='bbox 405 2076 451 2141; x_wconf 84' lang='lat' dir='ltr'>vel</span> <span class='ocrx_word' id='word_1_115' title='bbox 469 2079 499 2140; x_wconf 93' lang='lat' dir='ltr'>in</span> <span class='ocrx_word' id='word_1_116' title='bbox 514 2097 567 2142; x_wconf 84' lang='lat' dir='ltr'>ros</span> <span class='ocrx_word' id='word_1_117' title='bbox 588 2077 636 2142; x_wconf 82' lang='lat' dir='ltr'>rel</span> <span class='ocrx_word' id='word_1_118' title='bbox 653 2077 728 2141; x_wconf 89' lang='lat' dir='ltr'>alins</span> <span class='ocrx_word' id='word_1_119' title='bbox 745 2073 876 2140; x_wconf 88' lang='lat' dir='ltr'>rebelles</span> <span class='ocrx_word' id='word_1_120' title='bbox 890 2074 1012 2148; x_wconf 90' lang='lat' dir='ltr'>tulerit,</span> <span class='ocrx_word' id='word_1_121' title='bbox 1035 2075 1178 2138; x_wconf 81' lang='lat' dir='ltr'>iaciemus</span> <span class='ocrx_word' id='word_1_122' title='bbox 1200 2078 1305 2139; x_wconf 89' lang='lat' dir='ltr'>aucto·</span> 
     </span>
     <span class='ocr_line' id='line_1_16' title="bbox 120 2180 1305 2270; baseline -0.002 -23"><span class='ocrx_word' id='word_1_123' title='bbox 120 2185 212 2249; x_wconf 80' lang='lat' dir='ltr'>ritate</span> <span class='ocrx_word' id='word_1_124' title='bbox 240 2186 356 2270; x_wconf 84' lang='lat' dir='ltr'>prelata</span> <span class='ocrx_word' id='word_1_125' title='bbox 381 2191 503 2251; x_wconf 87' lang='lat' dir='ltr'>auctore</span> <span class='ocrx_word' id='word_1_126' title='bbox 531 2184 647 2250; x_wconf 90' lang='lat' dir='ltr'>domino</span> <span class='ocrx_word' id='word_1_127' title='bbox 674 2184 885 2248; x_wconf 87' lang='lat' dir='ltr'>inviolabiliter</span> <span class='ocrx_word' id='word_1_128' title='bbox 909 2182 1071 2248; x_wconf 78' lang='lat' dir='ltr'>observari.</span> <span class='ocrx_word' id='word_1_129' title='bbox 1102 2182 1133 2245; x_wconf 94' lang='lat' dir='ltr'>ln</span> <span class='ocrx_word' id='word_1_130' title='bbox 1155 2184 1241 2247; x_wconf 91' lang='lat' dir='ltr'>cuius</span> <span class='ocrx_word' id='word_1_131' title='bbox 1262 2180 1305 2246; x_wconf 89' lang='lat' dir='ltr'>rei</span> 
     </span>
     <span class='ocr_line' id='line_1_17' title="bbox 120 2290 1306 2379; baseline -0.002 -22"><span class='ocrx_word' id='word_1_132' title='bbox 120 2294 248 2358; x_wconf 78' lang='lat' dir='ltr'>evidens</span> <span class='ocrx_word' id='word_1_133' title='bbox 259 2295 461 2358; x_wconf 86' lang='lat' dir='ltr'>testimonium</span> <span class='ocrx_word' id='word_1_134' title='bbox 474 2301 633 2379; x_wconf 88' lang='lat' dir='ltr'>presentes</span> <span class='ocrx_word' id='word_1_135' title='bbox 649 2295 775 2360; x_wconf 86' lang='lat' dir='ltr'>fecimus</span> <span class='ocrx_word' id='word_1_136' title='bbox 788 2293 894 2357; x_wconf 89' lang='lat' dir='ltr'>literas</span> <span class='ocrx_word' id='word_1_137' title='bbox 906 2290 998 2373; x_wconf 85' lang='lat' dir='ltr'>sigilli</span> <span class='ocrx_word' id='word_1_138' title='bbox 1011 2291 1107 2356; x_wconf 87' lang='lat' dir='ltr'>nostri</span> <span class='ocrx_word' id='word_1_139' title='bbox 1122 2291 1306 2376; x_wconf 88' lang='lat' dir='ltr'>appensione</span> 
     </span>
    </p>
   </div>
   <div class='ocr_carea' id='block_1_3' title="bbox 122 2400 1306 2706">
    <p class='ocr_par' dir='ltr' id='par_1_3' title="bbox 122 2400 1306 2706">
     <span class='ocr_line' id='line_1_18' title="bbox 122 2400 1306 2468; baseline -0.003 -1"><span class='ocrx_word' id='word_1_140' title='bbox 122 2405 301 2467; x_wconf 74' lang='lat' dir='ltr'>comanitas.</span> <span class='ocrx_word' id='word_1_141' title='bbox 330 2402 388 2466; x_wconf 79' lang='lat' dir='ltr'>nat</span> <span class='ocrx_word' id='word_1_142' title='bbox 414 2410 445 2467; x_wconf 90' lang='lat' dir='ltr'>et</span> <span class='ocrx_word' id='word_1_143' title='bbox 470 2410 567 2468; x_wconf 89' lang='lat' dir='ltr'>actum</span> <span class='ocrx_word' id='word_1_144' title='bbox 595 2405 625 2468; x_wconf 93' lang='lat' dir='ltr'>in</span> <span class='ocrx_word' id='word_1_145' title='bbox 642 2403 722 2468; x_wconf 89' lang='lat' dir='ltr'>Mon.</span> <span class='ocrx_word' id='word_1_146' title='bbox 731 2402 847 2468; x_wconf 90' lang='lat' dir='ltr'>Neunb.</span> <span class='ocrx_word' id='word_1_147' title='bbox 866 2400 1017 2467; x_wconf 85' lang='lat' dir='ltr'>antedicto</span> <span class='ocrx_word' id='word_1_148' title='bbox 1034 2400 1113 2465; x_wconf 88' lang='lat' dir='ltr'>XXV</span> <span class='ocrx_word' id='word_1_149' title='bbox 1129 2400 1178 2464; x_wconf 92' lang='lat' dir='ltr'>die</span> <span class='ocrx_word' id='word_1_150' title='bbox 1194 2401 1306 2464; x_wconf 91' lang='lat' dir='ltr'>mensis</span> 
     </span>
     <span class='ocr_line' id='line_1_19' title="bbox 126 2508 1303 2597; baseline 0 -22"><span class='ocrx_word' id='word_1_151' title='bbox 126 2511 211 2575; x_wconf 78' lang='lat' dir='ltr'>lunii</span> <span class='ocrx_word' id='word_1_152' title='bbox 239 2512 323 2574; x_wconf 80' lang='lat' dir='ltr'>Anno</span> <span class='ocrx_word' id='word_1_153' title='bbox 344 2509 395 2574; x_wconf 92' lang='lat' dir='ltr'>dni</span> <span class='ocrx_word' id='word_1_154' title='bbox 425 2510 584 2576; x_wconf 90' lang='lat' dir='ltr'>blillesimo</span> <span class='ocrx_word' id='word_1_155' title='bbox 621 2508 726 2576; x_wconf 79' lang='lat' dir='ltr'>CCC¹¹¹⁰</span> <span class='ocrx_word' id='word_1_156' title='bbox 756 2510 883 2576; x_wconf 84' lang='lat' dir='ltr'>LXXlV⁰</span> <span class='ocrx_word' id='word_1_157' title='bbox 914 2509 1054 2597; x_wconf 75' lang='lat' dir='ltr'>(spttere</span> <span class='ocrx_word' id='word_1_158' title='bbox 1075 2508 1175 2573; x_wconf 87' lang='lat' dir='ltr'>lland:</span> <span class='ocrx_word' id='word_1_159' title='bbox 1198 2510 1303 2575; x_wconf 87' lang='lat' dir='ltr'>Datum</span> 
     </span>
     <span class='ocr_line' id='line_1_20' title="bbox 128 2615 464 2706; baseline 0.003 -23"><span class='ocrx_word' id='word_1_160' title='bbox 128 2616 190 2683; x_wconf 82' lang='grc' dir='ltr'>ΧΠ.</span> <span class='ocrx_word' id='word_1_161' title='bbox 207 2618 274 2683; x_wconf 88' lang='lat' dir='ltr'>Kal.</span> <span class='ocrx_word' id='word_1_162' title='bbox 290 2615 464 2706; x_wconf 82' lang='lat' dir='ltr'>Novemb.).</span> 
     </span>
    </p>
   </div>
   <div class='ocr_carea' id='block_1_4' title="bbox 212 2743 1213 2796">
    <p class='ocr_par' dir='ltr' id='par_1_4' title="bbox 212 2743 1213 2796">
     <span class='ocr_line' id='line_1_21' title="bbox 212 2743 1213 2796; baseline 0.002 -13"><span class='ocrx_word' id='word_1_163' title='bbox 212 2743 269 2795; x_wconf 72' lang='lat' dir='ltr'>Orig.</span> <span class='ocrx_word' id='word_1_164' title='bbox 280 2744 341 2795; x_wconf 70' lang='lat' dir='ltr'>Perg.</span> <span class='ocrx_word' id='word_1_165' title='bbox 356 2743 391 2784; x_wconf 76' lang='lat' dir='ltr'>nin</span> <span class='ocrx_word' id='word_1_166' title='bbox 401 2756 438 2784; x_wconf 75' lang='lat' dir='ltr'>ror</span> <span class='ocrx_word' id='word_1_167' title='bbox 449 2744 493 2785; x_wconf 83' lang='lat' dir='ltr'>dem</span> <span class='ocrx_word' id='word_1_168' title='bbox 504 2744 580 2785; x_wconf 74' lang='lat' dir='ltr'>Derbe!</span> <span class='ocrx_word' id='word_1_169' title='bbox 595 2746 653 2785; x_wconf 81' lang='lat' dir='ltr'>einer</span> <span class='ocrx_word' id='word_1_170' title='bbox 662 2744 790 2786; x_wconf 78' lang='lat' dir='ltr'>lludscbriit</span> <span class='ocrx_word' id='word_1_171' title='bbox 799 2746 836 2786; x_wconf 83' lang='lat' dir='ltr'>der</span> <span class='ocrx_word' id='word_1_172' title='bbox 845 2744 1017 2787; x_wconf 74' lang='lat' dir='ltr'>Stiltsbibliotbek</span> <span class='ocrx_word' id='word_1_173' title='bbox 1026 2745 1144 2796; x_wconf 53' lang='lat' dir='ltr'>mallotes</span> <span class='ocrx_word' id='word_1_174' title='bbox 1153 2744 1213 2785; x_wconf 79' lang='lat' dir='ltr'>lilrtt</span> 
     </span>
    </p>
   </div>
   <div class='ocr_carea' id='block_1_5' title="bbox 593 3015 840 3097">
    <p class='ocr_par' dir='ltr' id='par_1_5' title="bbox 593 3015 840 3097">
     <span class='ocr_line' id='line_1_22' title="bbox 593 3015 840 3097; baseline -0.004 -1"><span class='ocrx_word' id='word_1_175' title='bbox 593 3015 840 3097; x_wconf 81' lang='lat' dir='ltr'><strong>CCCCLXXI.</strong></span> 
     </span>
    </p>
   </div>
   <div class='ocr_carea' id='block_1_6' title="bbox 123 3159 1308 3399">
    <p class='ocr_par' dir='ltr' id='par_1_6' title="bbox 123 3159 1308 3399">
     <span class='ocr_line' id='line_1_23' title="bbox 129 3159 1308 3237; baseline 0.004 -22"><span class='ocrx_word' id='word_1_176' title='bbox 129 3159 272 3230; x_wconf 73' lang='lat' dir='ltr'>Verpteieb</span> <span class='ocrx_word' id='word_1_177' title='bbox 285 3162 422 3218; x_wconf 68' lang='lat' dir='ltr'>senones</span> <span class='ocrx_word' id='word_1_178' title='bbox 433 3161 496 3218; x_wconf 78' lang='lat' dir='ltr'>aiem</span> <span class='ocrx_word' id='word_1_179' title='bbox 508 3162 597 3234; x_wconf 72' lang='lat' dir='ltr'>Stifte</span> <span class='ocrx_word' id='word_1_180' title='bbox 609 3163 670 3218; x_wconf 79' lang='lat' dir='ltr'>ond</span> <span class='ocrx_word' id='word_1_181' title='bbox 681 3162 744 3218; x_wconf 84' lang='lat' dir='ltr'>dem</span> <span class='ocrx_word' id='word_1_182' title='bbox 757 3161 993 3235; x_wconf 72' lang='lat' dir='ltr'>Zwentendorfer</span> <span class='ocrx_word' id='word_1_183' title='bbox 1011 3162 1143 3237; x_wconf 64' lang='lat' dir='ltr'>Psorrem</span> <span class='ocrx_word' id='word_1_184' title='bbox 1156 3164 1308 3220; x_wconf 79' lang='lat' dir='ltr'>Bembord</span> 
     </span>
     <span class='ocr_line' id='line_1_24' title="bbox 123 3252 1305 3328; baseline 0.003 -21"><span class='ocrx_word' id='word_1_185' title='bbox 123 3252 232 3316; x_wconf 68' lang='lat' dir='ltr'>miton,</span> <span class='ocrx_word' id='word_1_186' title='bbox 254 3252 324 3307; x_wconf 80' lang='lat' dir='ltr'>siber</span> <span class='ocrx_word' id='word_1_187' title='bbox 341 3254 424 3309; x_wconf 83' lang='lat' dir='ltr'>einen</span> <span class='ocrx_word' id='word_1_188' title='bbox 436 3252 600 3326; x_wconf 74' lang='lat' dir='ltr'>jnbrlicben</span> <span class='ocrx_word' id='word_1_189' title='bbox 620 3252 763 3309; x_wconf 77' lang='lat' dir='ltr'>Geireide·</span> <span class='ocrx_word' id='word_1_190' title='bbox 774 3253 835 3308; x_wconf 82' lang='lat' dir='ltr'>ond</span> <span class='ocrx_word' id='word_1_191' title='bbox 847 3252 1010 3311; x_wconf 77' lang='lat' dir='ltr'>Gelddicrrst</span> <span class='ocrx_word' id='word_1_192' title='bbox 1027 3270 1081 3310; x_wconf 83' lang='lat' dir='ltr'>oon</span> <span class='ocrx_word' id='word_1_193' title='bbox 1098 3254 1162 3309; x_wconf 83' lang='lat' dir='ltr'>dem</span> <span class='ocrx_word' id='word_1_194' title='bbox 1178 3254 1251 3328; x_wconf 72' lang='lat' dir='ltr'>Hofo</span> <span class='ocrx_word' id='word_1_195' title='bbox 1268 3274 1305 3311; x_wconf 77' lang='lat' dir='ltr'>zu</span> 
     </span>
     <span class='ocr_line' id='line_1_25' title="bbox 643 3343 807 3399; baseline -0.006 0"><span class='ocrx_word' id='word_1_196' title='bbox 643 3343 807 3399; x_wconf 83' lang='lat' dir='ltr'>Bierboum.</span> 
     </span>
    </p>
   </div>
   <div class='ocr_carea' id='block_1_7' title="bbox 531 3470 915 3527">
    <p class='ocr_par' dir='ltr' id='par_1_7' title="bbox 531 3470 915 3527">
     <span class='ocr_line' id='line_1_26' title="bbox 531 3470 915 3527; baseline 0.003 -3"><span class='ocrx_word' id='word_1_197' title='bbox 531 3471 588 3524; x_wconf 84' lang='lat' dir='ltr'>Dat.</span> <span class='ocrx_word' id='word_1_198' title='bbox 608 3470 652 3525; x_wconf 79' lang='lat'>12.</span> <span class='ocrx_word' id='word_1_199' title='bbox 671 3471 817 3526; x_wconf 79' lang='lat' dir='ltr'>November</span> <span class='ocrx_word' id='word_1_200' title='bbox 836 3471 915 3527; x_wconf 68' lang='lat'><strong>1374.</strong></span> 
     </span>
    </p>
   </div>
   <div class='ocr_carea' id='block_1_8' title="bbox 122 3597 1306 4231">
    <p class='ocr_par' dir='ltr' id='par_1_8' title="bbox 122 3597 1306 4231">
     <span class='ocr_line' id='line_1_27' title="bbox 212 3597 1300 3667; baseline 0.005 -5"><span class='ocrx_word' id='word_1_201' title='bbox 212 3598 245 3662; x_wconf 92' lang='lat' dir='ltr'>ln</span> <span class='ocrx_word' id='word_1_202' title='bbox 274 3598 391 3662; x_wconf 91' lang='lat' dir='ltr'>nomine</span> <span class='ocrx_word' id='word_1_203' title='bbox 418 3597 539 3664; x_wconf 80' lang='lat' dir='ltr'>domini.</span> <span class='ocrx_word' id='word_1_204' title='bbox 568 3601 670 3664; x_wconf 79' lang='lat' dir='ltr'>Arnen.</span> <span class='ocrx_word' id='word_1_205' title='bbox 694 3600 778 3665; x_wconf 78' lang='lat' dir='ltr'>Anno</span> <span class='ocrx_word' id='word_1_206' title='bbox 802 3598 966 3666; x_wconf 81' lang='lat' dir='ltr'>nativitatis</span> <span class='ocrx_word' id='word_1_207' title='bbox 990 3600 1124 3665; x_wconf 90' lang='lat' dir='ltr'>eiusdem</span> <span class='ocrx_word' id='word_1_208' title='bbox 1143 3600 1300 3667; x_wconf 86' lang='lat' dir='ltr'>llillesimo</span> 
     </span>
     <span class='ocr_line' id='line_1_28' title="bbox 122 3708 1304 3795; baseline 0.005 -23"><span class='ocrx_word' id='word_1_209' title='bbox 122 3708 351 3774; x_wconf 84' lang='lat' dir='ltr'>Trecentesimo</span> <span class='ocrx_word' id='word_1_210' title='bbox 378 3708 610 3793; x_wconf 84' lang='lat' dir='ltr'>Septuegesimo</span> <span class='ocrx_word' id='word_1_211' title='bbox 639 3716 763 3795; x_wconf 88' lang='lat' dir='ltr'>quarto,</span> <span class='ocrx_word' id='word_1_212' title='bbox 791 3711 943 3776; x_wconf 88' lang='lat' dir='ltr'>indicione</span> <span class='ocrx_word' id='word_1_213' title='bbox 965 3711 1028 3775; x_wconf 84' lang='lat' dir='ltr'>Xlil</span> <span class='ocrx_word' id='word_1_214' title='bbox 1051 3710 1100 3774; x_wconf 93' lang='lat' dir='ltr'>die</span> <span class='ocrx_word' id='word_1_215' title='bbox 1121 3711 1171 3775; x_wconf 85' lang='lat' dir='ltr'>XII</span> <span class='ocrx_word' id='word_1_216' title='bbox 1193 3713 1304 3778; x_wconf 90' lang='lat' dir='ltr'>mensis</span> 
     </span>
     <span class='ocr_line' id='line_1_29' title="bbox 123 3816 1304 3905; baseline 0.004 -24"><span class='ocrx_word' id='word_1_217' title='bbox 123 3816 300 3883; x_wconf 81' lang='lat' dir='ltr'>Novembris</span> <span class='ocrx_word' id='word_1_218' title='bbox 331 3816 405 3882; x_wconf 87' lang='lat' dir='ltr'>bora</span> <span class='ocrx_word' id='word_1_219' title='bbox 432 3840 624 3904; x_wconf 84' lang='lat' dir='ltr'>vesperarum</span> <span class='ocrx_word' id='word_1_220' title='bbox 656 3821 701 3883; x_wconf 84' lang='lat' dir='ltr'>vel</span> <span class='ocrx_word' id='word_1_221' title='bbox 729 3823 814 3905; x_wconf 88' lang='lat' dir='ltr'>quasi</span> <span class='ocrx_word' id='word_1_222' title='bbox 842 3819 1034 3886; x_wconf 80' lang='lat' dir='ltr'>Pontificatus</span> <span class='ocrx_word' id='word_1_223' title='bbox 1062 3822 1241 3886; x_wconf 74' lang='lat' dir='ltr'>sanctissimi</span> <span class='ocrx_word' id='word_1_224' title='bbox 1274 3823 1304 3887; x_wconf 92' lang='lat' dir='ltr'>in</span> 
     </span>
     <span class='ocr_line' id='line_1_30' title="bbox 123 3927 1306 4021; baseline 0.008 -30"><span class='ocrx_word' id='word_1_225' title='bbox 123 3929 198 4021; x_wconf 87' lang='lat' dir='ltr'>Xsto</span> <span class='ocrx_word' id='word_1_226' title='bbox 232 3929 326 4011; x_wconf 89' lang='lat' dir='ltr'>patris</span> <span class='ocrx_word' id='word_1_227' title='bbox 363 3933 395 3992; x_wconf 86' lang='lat' dir='ltr'>et</span> <span class='ocrx_word' id='word_1_228' title='bbox 423 3927 472 3992; x_wconf 93' lang='lat' dir='ltr'>dni</span> <span class='ocrx_word' id='word_1_229' title='bbox 504 3930 597 3993; x_wconf 90' lang='lat' dir='ltr'>nostri</span> <span class='ocrx_word' id='word_1_230' title='bbox 631 3930 739 3994; x_wconf 89' lang='lat' dir='ltr'>domini</span> <span class='ocrx_word' id='word_1_231' title='bbox 780 3930 928 4018; x_wconf 67' lang='lat' dir='ltr'>Greqord</span> <span class='ocrx_word' id='word_1_232' title='bbox 966 3929 1075 3995; x_wconf 83' lang='lat' dir='ltr'>divino</span> <span class='ocrx_word' id='word_1_233' title='bbox 1096 3930 1306 4016; x_wconf 77' lang='lat' dir='ltr'>providencia</span> 
     </span>
     <span class='ocr_line' id='line_1_31' title="bbox 122 4037 1305 4125; baseline 0.003 -24"><span class='ocrx_word' id='word_1_234' title='bbox 122 4058 209 4125; x_wconf 82' lang='lat' dir='ltr'>pope</span> <span class='ocrx_word' id='word_1_235' title='bbox 234 4037 390 4104; x_wconf 80' lang='lat' dir='ltr'>orrdeeimi</span> <span class='ocrx_word' id='word_1_236' title='bbox 410 4057 486 4102; x_wconf 87' lang='lat' dir='ltr'>anno</span> <span class='ocrx_word' id='word_1_237' title='bbox 511 4045 616 4124; x_wconf 88' lang='lat' dir='ltr'>quarto</span> <span class='ocrx_word' id='word_1_238' title='bbox 640 4042 669 4103; x_wconf 94' lang='lat' dir='ltr'>in</span> <span class='ocrx_word' id='word_1_239' title='bbox 695 4041 751 4103; x_wconf 91' lang='lat' dir='ltr'>mei</span> <span class='ocrx_word' id='word_1_240' title='bbox 767 4039 885 4103; x_wconf 89' lang='lat' dir='ltr'>Notarii</span> <span class='ocrx_word' id='word_1_241' title='bbox 900 4037 1012 4124; x_wconf 88' lang='lat' dir='ltr'>publici</span> <span class='ocrx_word' id='word_1_242' title='bbox 1030 4039 1208 4125; x_wconf 88' lang='lat' dir='ltr'>testiumque</span> <span class='ocrx_word' id='word_1_243' title='bbox 1231 4039 1305 4105; x_wconf 92' lang='lat' dir='ltr'>sub·</span> 
     </span>
     <span class='ocr_line' id='line_1_32' title="bbox 124 4147 1304 4231; baseline 0.004 -22"><span class='ocrx_word' id='word_1_244' title='bbox 124 4147 304 4230; x_wconf 89' lang='lat' dir='ltr'>scriptorum</span> <span class='ocrx_word' id='word_1_245' title='bbox 326 4149 484 4231; x_wconf 89' lang='lat' dir='ltr'>presencia</span> <span class='ocrx_word' id='word_1_246' title='bbox 518 4147 717 4231; x_wconf 89' lang='lat' dir='ltr'>personaliter</span> <span class='ocrx_word' id='word_1_247' title='bbox 751 4149 929 4213; x_wconf 88' lang='lat' dir='ltr'>constitutus</span> <span class='ocrx_word' id='word_1_248' title='bbox 960 4147 1145 4212; x_wconf 87' lang='lat' dir='ltr'>Venerabilis</span> <span class='ocrx_word' id='word_1_249' title='bbox 1169 4149 1198 4212; x_wconf 93' lang='lat' dir='ltr'>in</span> <span class='ocrx_word' id='word_1_250' title='bbox 1230 4150 1304 4214; x_wconf 90' lang='lat' dir='ltr'>Xsto</span> 
     </span>
    </p>
   </div>
   <div class='ocr_carea' id='block_1_9' title="bbox 124 4252 1416 4344">
    <p class='ocr_par' dir='ltr' id='par_1_9' title="bbox 124 4252 1416 4344">
     <span class='ocr_line' id='line_1_33' title="bbox 124 4252 1416 4344; baseline 0.006 -27"><span class='ocrx_word' id='word_1_251' title='bbox 124 4262 210 4336; x_wconf 87' lang='lat' dir='ltr'>pater</span> <span class='ocrx_word' id='word_1_252' title='bbox 227 4257 258 4316; x_wconf 92' lang='lat' dir='ltr'>et</span> <span class='ocrx_word' id='word_1_253' title='bbox 273 4252 426 4328; x_wconf 88' lang='lat' dir='ltr'>dominus,</span> <span class='ocrx_word' id='word_1_254' title='bbox 452 4256 587 4320; x_wconf 90' lang='lat' dir='ltr'>dominus</span> <span class='ocrx_word' id='word_1_255' title='bbox 607 4257 834 4323; x_wconf 81' lang='lat' dir='ltr'>Cbolomonnoa</span> <span class='ocrx_word' id='word_1_256' title='bbox 855 4258 1034 4344; x_wconf 80' lang='lat' dir='ltr'>prepositos</span> <span class='ocrx_word' id='word_1_257' title='bbox 1056 4258 1139 4323; x_wconf 84' lang='lat' dir='ltr'>Mon.</span> <span class='ocrx_word' id='word_1_258' title='bbox 1157 4260 1185 4323; x_wconf 87' lang='lat' dir='ltr'>b.</span> <span class='ocrx_word' id='word_1_259' title='bbox 1202 4259 1306 4324; x_wconf 83' lang='lat' dir='ltr'>Morio</span> <span class='ocrx_word' id='word_1_260' title='bbox 1409 4312 1416 4325; x_wconf 80' lang='lat'><em>.</em></span> 
     </span>
    </p>
   </div>
   <div class='ocr_carea' id='block_1_10' title="bbox 131 4362 1304 4452">
    <p class='ocr_par' dir='ltr' id='par_1_10' title="bbox 131 4362 1304 4452">
     <span class='ocr_line' id='line_1_34' title="bbox 131 4362 1304 4452; baseline 0.004 -26"><span class='ocrx_word' id='word_1_261' title='bbox 131 4362 210 4450; x_wconf 71' lang='lat' dir='ltr'>Viry.</span> <span class='ocrx_word' id='word_1_262' title='bbox 231 4363 266 4427; x_wconf 86' lang='lat' dir='ltr'>in</span> <span class='ocrx_word' id='word_1_263' title='bbox 282 4362 481 4451; x_wconf 71' lang='lat' dir='ltr'>Neronburpn</span> <span class='ocrx_word' id='word_1_264' title='bbox 497 4374 610 4452; x_wconf 74' lang='lat' dir='ltr'>potum</span> <span class='ocrx_word' id='word_1_265' title='bbox 627 4365 707 4430; x_wconf 85' lang='lat' dir='ltr'>dioc.</span> <span class='ocrx_word' id='word_1_266' title='bbox 735 4385 789 4430; x_wconf 91' lang='lat' dir='ltr'>sno</span> <span class='ocrx_word' id='word_1_267' title='bbox 815 4374 846 4429; x_wconf 91' lang='lat' dir='ltr'>et</span> <span class='ocrx_word' id='word_1_268' title='bbox 868 4367 913 4429; x_wconf 94' lang='lat' dir='ltr'>sui</span> <span class='ocrx_word' id='word_1_269' title='bbox 935 4363 1104 4429; x_wconf 77' lang='lat' dir='ltr'>Conventus</span> <span class='ocrx_word' id='word_1_270' title='bbox 1127 4368 1243 4430; x_wconf 90' lang='lat' dir='ltr'>nornine</span> <span class='ocrx_word' id='word_1_271' title='bbox 1267 4366 1304 4431; x_wconf 91' lang='lat' dir='ltr'>ab</span> 
     </span>
    </p>
   </div>
   <div class='ocr_carea' id='block_1_11' title="bbox 124 4473 1306 4779">
    <p class='ocr_par' dir='ltr' id='par_1_11' title="bbox 124 4473 1306 4779">
     <span class='ocr_line' id='line_1_35' title="bbox 125 4473 1306 4562; baseline 0.008 -29"><span class='ocrx_word' id='word_1_272' title='bbox 125 4491 199 4545; x_wconf 85' lang='lat' dir='ltr'>rna,</span> <span class='ocrx_word' id='word_1_273' title='bbox 224 4490 280 4535; x_wconf 91' lang='lat' dir='ltr'>nec</span> <span class='ocrx_word' id='word_1_274' title='bbox 296 4491 353 4536; x_wconf 89' lang='lat' dir='ltr'>non</span> <span class='ocrx_word' id='word_1_275' title='bbox 373 4474 582 4539; x_wconf 78' lang='lat' dir='ltr'>Wemdordus</span> <span class='ocrx_word' id='word_1_276' title='bbox 597 4475 700 4539; x_wconf 82' lang='lat' dir='ltr'>dictos</span> <span class='ocrx_word' id='word_1_277' title='bbox 714 4474 828 4547; x_wconf 79' lang='lat' dir='ltr'>Kition,</span> <span class='ocrx_word' id='word_1_278' title='bbox 845 4481 950 4540; x_wconf 85' lang='lat' dir='ltr'>rector</span> <span class='ocrx_word' id='word_1_279' title='bbox 963 4473 1160 4562; x_wconf 77' lang='lat' dir='ltr'>parochialis</span> <span class='ocrx_word' id='word_1_280' title='bbox 1175 4477 1306 4542; x_wconf 83' lang='lat' dir='ltr'>ecclesie</span> 
     </span>
     <span class='ocr_line' id='line_1_36' title="bbox 126 4580 1304 4669; baseline 0.006 -27"><span class='ocrx_word' id='word_1_281' title='bbox 126 4580 160 4644; x_wconf 84' lang='lat' dir='ltr'>in</span> <span class='ocrx_word' id='word_1_282' title='bbox 177 4580 424 4665; x_wconf 76' lang='lat' dir='ltr'>Cowcnteudors</span> <span class='ocrx_word' id='word_1_283' title='bbox 440 4586 525 4666; x_wconf 89' lang='lat' dir='ltr'>parte</span> <span class='ocrx_word' id='word_1_284' title='bbox 549 4603 584 4648; x_wconf 81' lang='lat' dir='ltr'>ex</span> <span class='ocrx_word' id='word_1_285' title='bbox 606 4582 698 4647; x_wconf 85' lang='lat' dir='ltr'>altera</span> <span class='ocrx_word' id='word_1_286' title='bbox 720 4604 812 4669; x_wconf 89' lang='lat' dir='ltr'>super</span> <span class='ocrx_word' id='word_1_287' title='bbox 828 4582 907 4647; x_wconf 93' lang='lat' dir='ltr'>omni</span> <span class='ocrx_word' id='word_1_288' title='bbox 922 4583 989 4656; x_wconf 89' lang='lat' dir='ltr'>lite,</span> <span class='ocrx_word' id='word_1_289' title='bbox 1015 4603 1121 4656; x_wconf 89' lang='lat' dir='ltr'>causa,</span> <span class='ocrx_word' id='word_1_290' title='bbox 1148 4584 1304 4668; x_wconf 88' lang='lat' dir='ltr'>questione</span> 
     </span>
     <span class='ocr_line' id='line_1_37' title="bbox 124 4690 1305 4779; baseline 0.007 -28"><span class='ocrx_word' id='word_1_291' title='bbox 124 4692 402 4765; x_wconf 81' lang='lat' dir='ltr'>seucontrouersia,</span> <span class='ocrx_word' id='word_1_292' title='bbox 421 4711 478 4775; x_wconf 89' lang='lat' dir='ltr'>qua</span> <span class='ocrx_word' id='word_1_293' title='bbox 499 4691 579 4757; x_wconf 89' lang='lat' dir='ltr'>idem</span> <span class='ocrx_word' id='word_1_294' title='bbox 595 4692 729 4758; x_wconf 86' lang='lat' dir='ltr'>Kilianus</span> <span class='ocrx_word' id='word_1_295' title='bbox 755 4692 898 4758; x_wconf 81' lang='lat' dir='ltr'>adsersus</span> <span class='ocrx_word' id='word_1_296' title='bbox 921 4692 1067 4778; x_wconf 86' lang='lat' dir='ltr'>prelatum</span> <span class='ocrx_word' id='word_1_297' title='bbox 1091 4690 1179 4756; x_wconf 89' lang='lat' dir='ltr'>dnum</span> <span class='ocrx_word' id='word_1_298' title='bbox 1192 4713 1305 4779; x_wconf 88' lang='lat' dir='ltr'>prepo-</span> 
     </span>
    </p>
   </div>
   <div class='ocr_carea' id='block_1_12' title="bbox 0 0 1643 5350">
    <p class='ocr_par' dir='ltr' id='par_1_12' title="bbox 0 0 1643 5350">
     <span class='ocr_line' id='line_1_38' title="bbox 0 0 1643 5350; baseline 0 0"><span class='ocrx_word' id='word_1_299' title='bbox 0 0 1643 5350; x_wconf 95' lang='lat' dir='ltr'> </span> 
     </span>
    </p>
   </div>
  </div>
 </body>
</html>
