3242 5350
271 487 321 558 20

270 660 328 724 deo
345 666 377 725 et
393 660 506 725 sanctis
522 659 629 725 edibus
653 659 887 744 inpendendum‚
905 665 937 724 ut
956 665 1067 744 quanto
1083 662 1276 746 frequencius
1292 660 1329 725 sd
1343 660 1471 726 eundern

269 769 392 832 confluit
415 774 446 831 et
473 770 626 833 concurrit
651 766 779 852 populus
805 768 1005 841 christianus,
1028 775 1110 834 tanto
1134 770 1265 834 celerius
1288 770 1470 835 delictorum

269 896 391 939 suorum
413 876 530 939 reniam
554 881 584 940 et
605 875 716 958 gaudia
739 877 885 960 consequi
910 883 1062 942 mereatur
1084 884 1200 941 eterna.
1224 877 1288 942 Nos
1311 878 1405 961 igitur
1429 878 1471 941 de

270 983 481 1067 omnipotentis
498 983 547 1048 dei
563 983 772 1048 misericordis
794 984 900 1049 conlisi
922 987 1071 1049 vniversis
1096 994 1127 1049 et
1143 986 1288 1068 singulis,
1305 988 1356 1070 qui
1373 985 1471 1049 dero-

269 1094 365 1157 cionis
387 1112 477 1157 causa
501 1112 573 1156 vere
600 1092 721 1156 contriti
744 1097 775 1155 et
796 1092 930 1157 confessi
954 1093 985 1156 in
1009 1094 1095 1157 festis
1111 1098 1239 1177 quatuor
1262 1093 1351 1157 beate
1370 1093 1467 1157 biario

267 1201 394 1282 virginis
406 1199 548 1282 gloriose,
558 1199 697 1264 videlicet
708 1202 955 1274 onnorooiacione,
965 1202 1192 1286 Assumpcione,
1208 1202 1370 1270 natiritate.
1384 1204 1469 1284 puri·

270 1308 433 1380 ficacioue,
451 1328 507 1372 nec
528 1326 588 1369 non
604 1306 801 1371 dedicocione
817 1311 942 1395 capello
965 1317 996 1373 et
1013 1310 1189 1394 festivitate
1209 1312 1315 1375 sancti
1335 1310 1472 1397 epirum

269 1438 305 1481 nc
322 1417 410 1480 beate
426 1416 591 1480 Katherine
609 1415 735 1497 virginis
752 1422 782 1478 et
804 1422 911 1479 octava
938 1418 1083 1481 festorum
1108 1418 1238 1480 omniurn
1263 1417 1469 1500 predictorum

270 1527 435 1612 Capellmn
456 1525 490 1588 in
512 1524 702 1588 Ncondcrclt
726 1544 888 1588 onnccom
912 1525 1009 1591 cboro
1031 1527 1121 1589 beate
1142 1526 1279 1612 circinos
1294 1526 1400 1590 Moris
1423 1525 1472 1589 od

269 1640 413 1697 sanctum
424 1633 572 1720 spiritum
588 1637 785 1714 nuncupatam
798 1635 995 1705 accesserint,
1013 1633 1189 1696 auctoritate
1203 1632 1288 1696 nobis
1304 1654 1360 1716 per
1377 1633 1468 1695 dnum

270 1739 393 1802 fratrem
404 1737 607 1802 venerabilem
620 1742 734 1821 patrem
744 1739 1014 1821 Arcbiepiscopum
1022 1740 1295 1823 salseburgensem
1309 1740 1469 1804 commissa

270 1854 433 1931 nostraque
449 1847 572 1929 propria
590 1845 749 1927 Octoginta
762 1847 827 1910 dies
841 1847 1055 1911 criminalium
1066 1854 1259 1932 peccatorum
1277 1858 1308 1910 et
1321 1848 1469 1911 ducentos

269 1955 441 2020 venialium
457 1952 584 2037 singulis
601 1957 685 2017 anuis
706 1964 853 2037 perpetuo
870 1953 1014 2018 valituros
1040 1955 1279 2021 misericorditer
1302 1957 1332 2018 in
1349 1956 1470 2019 domino

270 2064 450 2127 relaxemus.
463 2063 570 2135 Datum
583 2066 655 2144 aput
666 2060 798 2124 Roonam
811 2064 895 2125 Anno
908 2062 1018 2126 domini
1033 2063 1075 2126 Μ0
1084 2061 1251 2126 CC⁰LXX⁰.
1268 2064 1381 2148 quinto.
1395 2063 1469 2127 Vlll.

271 2169 338 2232 Kal.
356 2167 554 2252 Septembris.

327 2295 386 2346 Orig.
398 2295 509 2343 verena
524 2293 661 2345 cvrleSicgel
677 2292 697 2333 iu
708 2293 800 2333 weissen
817 2293 891 2333 nnete
905 2293 969 2345 uirgo
982 2305 1006 2331 n
1021 2292 1085 2332 einen
1095 2292 1310 2344 Pergameutstrsiteu.
1331 2291 1475 2333 Deritisclrol

272 2368 370 2411 ereneus.
386 2368 413 2406 ior
427 2366 663 2411 convincat-demus,
678 2365 698 2405 iu
718 2367 754 2406 der
769 2367 845 2405 Lirin
861 2366 899 2405 deu
914 2365 1033 2404 llirtenrtsb
1048 2365 1143 2411 bullensi,
1158 2365 1205 2417 gibt
1220 2364 1256 2403 ruit
1275 2365 1311 2404 der
1325 2365 1416 2405 seeum
1431 2366 1472 2405 den

272 2440 348 2492 segon
363 2437 488 2480 docentor
504 2439 587 2480 sonis.
602 2438 655 2478 nst.
671 2438 748 2477 dunc.
762 2439 814 2479 ΕΡΙ.
829 2438 1003 2478 ΟΕῚΕΙΒΝΒΙδ.

345 2530 399 2584 Der
418 2528 567 2583 Aussteller
586 2529 621 2582 ist
639 2528 743 2582 Johsnn
763 2545 813 2582 von
831 2529 932 2591 Eosteb
951 2531 1044 2598 spater
1061 2527 1172 2583 Biscbot
1187 2545 1219 2580 zu
1241 2528 1323 2581 Guri.

805 2698 916 2769 XXVI.

272 2838 378 2910 Propst
396 2834 533 2891 Nteolour
552 2835 697 2907 amicust,
723 2835 812 2890 dureb
832 2833 879 2889 ure
897 2834 974 2889 Notb
991 2833 1146 2903 pedrdnpt,
1174 2835 1257 2890 einen
1283 2835 1469 2905 Wctnportcn

271 2945 309 2981 sc
318 2924 467 2997 Ncmdorf
474 2942 512 2980 on
524 2925 580 2980 den
591 2925 815 2981 bortdscbrcibcr
827 2942 882 2979 con
896 2912 1062 2986 osterreich,
1075 2926 1153 2996 Moy.
1165 2924 1287 2980 Konrod
1298 2943 1353 2980 von
1370 2925 1469 2980 lions
1544 2937 1549 2943 '

628 3034 784 3089 artwico
804 3034 848 3089 12.
867 3034 1015 3088 November
1036 3032 1114 3088 12⁷5.

362 3145 393 3209 ln
410 3143 536 3208 Nomine
561 3151 667 3210 sancte
683 3151 715 3208 et
737 3144 891 3209 individue
907 3143 1074 3207 Trinitatis.
1091 3144 1195 3207 Amen.
1219 3142 1294 3208 Cum
1312 3150 1470 3226 gestorum

269 3273 370 3318 rerum
387 3253 485 3316 series
502 3251 611 3316 litteris
627 3252 779 3325 inseritur,
795 3254 937 3316 vniverse
953 3250 1123 3333 calumpnie
1139 3254 1315 3335 prevenitur
1331 3254 1469 3340 materia,

271 3382 309 3425 ne
332 3367 484 3444 prestetur
505 3359 566 3423 litis
588 3362 709 3425 occasio
732 3361 915 3424 successori.
943 3359 986 3422 Ea
1009 3367 1133 3444 propter
1157 3379 1213 3423 nos
1236 3362 1398 3445 Npcolocs
1414 3362 1472 3426 dci

268 3471 384 3557 proclo
406 3471 604 3557 prepositum,
633 3469 756 3534 Ulricua
771 3470 911 3533 &conus
928 3473 958 3531 et
975 3489 1029 3531 nos
1045 3474 1127 3532 totus
1144 3466 1316 3533 Conventus
1340 3469 1470 3533 claustri

272 3578 339 3644 siue
356 3577 489 3642 ecclesie
505 3601 530 3640 s.
548 3578 643 3641 biario
659 3579 688 3640 in
704 3576 890 3642 Neunburob
907 3577 987 3640 scire
1007 3576 1143 3640 volumus
1160 3577 1351 3659 presencium
1375 3596 1470 3660 quos·

271 3687 347 3752 libet
370 3687 576 3769 inspectores,
598 3686 677 3771 quod
700 3685 738 3750 de
754 3688 874 3751 comuni
900 3685 1027 3749 consilio
1050 3691 1081 3748 et
1096 3686 1224 3748 vnanimi
1241 3684 1470 3747 deliberacione

272 3795 309 3858 ad
327 3793 547 3877 precavendum
575 3793 782 3877 indempnitati
805 3792 939 3857 ecclesie
963 3797 1066 3855 nostre
1093 3800 1229 3879 propter
1249 3793 1470 3857 necessitatem

271 3911 347 3969 tunc
369 3904 549 3968 imioentcm
575 3905 694 3966 vineam
722 3908 854 3966 nostram
876 3901 985 3964 dictam
1012 3900 1095 3963 litbn
1118 3900 1297 3985 wioporten
1313 3902 1349 3964 in
1364 3909 1471 3965 monte

271 4012 568 4096 Mordorssituetnrn
586 4032 648 4075 rev.
671 4012 827 4099 Mops'stro
849 4009 1018 4074 Cbonrudo
1041 4009 1082 4072 de
1101 4009 1205 4072 Tulno
1220 4017 1296 4074 tunc
1318 4008 1424 4073 scribe
1439 4019 1471 4074 ct

266 4120 477 4207 procuratori
491 4118 665 4185 ductrices
685 4119 784 4183 umori
797 4140 853 4182 sac
867 4117 992 4182 domine
1008 4118 1090 4201 Epte
1112 4115 1149 4179 ad
1169 4115 1235 4178 dies
1257 4117 1318 4179 rite
1334 4117 1470 4199 ipsorum

273 4226 409 4291 dedimus
426 4247 481 4310 pro
496 4225 646 4292 beneflcio
660 4227 813 4309 personali
828 4225 884 4289 sub
900 4226 1031 4288 servicio
1049 4225 1133 4286 vuius
1149 4243 1222 4286 vrne
1238 4224 1297 4287 vini
1313 4244 1367 4307 pro
1380 4224 1468 4288 deci·

274 4356 321 4399 ma
338 4341 369 4398 et
384 4355 440 4399 vua
455 4355 528 4400 vrna
544 4337 605 4399 vini
621 4356 675 4418 pro
692 4336 757 4404 iure
769 4341 907 4395 montano
921 4336 1006 4396 annis
1023 4330 1152 4413 singulis
1163 4332 1385 4414 persolvendis,
1399 4334 1471 4418 quie
1538 4399 1541 4400 γ

269 4444 370 4527 ¹ipsam
392 4445 508 4507 vineom
532 4466 553 4509 o
573 4443 677 4509 ludeo
697 4444 784 4508 dicto
806 4441 974 4511 larentina,
999 4441 1047 4505 oui
1063 4459 1118 4523 per
1135 4458 1190 4502 nos
1208 4440 1306 4502 luerat
1322 4438 1468 4520 obligata,

272 4553 355 4617 Idem
370 4571 450 4634 mag.
473 4550 650 4617 vanradus
672 4572 728 4634 pro
753 4555 872 4614 centum
888 4548 1010 4613 talentis
1032 4547 1135 4611 denar.
1152 4546 1264 4611 rsualis
1280 4553 1400 4612 monete
1417 4569 1471 4611 ex-

271 4663 363 4726 solvit
372 4661 410 4724 ad
422 4667 553 4725 nostram
566 4662 741 4724 instanciam
757 4665 789 4722 et
801 4658 894 4722 nostri
904 4655 1085 4741 beneplaciti
1099 4662 1131 4719 et
1143 4653 1263 4720 consilii
1275 4655 1471 4730 voluntatem,
