<?xml version="1.0" encoding="UTF-8"?>
<!DOCTYPE html PUBLIC "-//W3C//DTD XHTML 1.0 Transitional//EN"
    "http://www.w3.org/TR/xhtml1/DTD/xhtml1-transitional.dtd">
<html xmlns="http://www.w3.org/1999/xhtml" xml:lang="en" lang="en">
 <head>
  <title>
</title>
<meta http-equiv="Content-Type" content="text/html;charset=utf-8" />
  <meta name='ocr-system' content='tesseract 3.04.00' />
  <meta name='ocr-capabilities' content='ocr_page ocr_carea ocr_par ocr_line ocrx_word'/>
</head>
<body>
  <div class='ocr_page' id='page_1' title='image "./fontesrerumaust10unkngoog_0282.png"; bbox 0 0 3242 5350; ppageno 0'>
   <div class='ocr_carea' id='block_1_1' title="bbox 1235 516 1313 588">
    <p class='ocr_par' dir='ltr' id='par_1_1' title="bbox 1235 516 1313 588">
     <span class='ocr_line' id='line_1_1' title="bbox 1235 516 1313 588; baseline 0 -1"><span class='ocrx_word' id='word_1_1' title='bbox 1235 516 1313 588; x_wconf 78' lang='lat'><strong>205</strong></span> 
     </span>
    </p>
   </div>
   <div class='ocr_carea' id='block_1_2' title="bbox 28 689 1319 2619">
    <p class='ocr_par' dir='ltr' id='par_1_2' title="bbox 28 689 1319 2619">
     <span class='ocr_line' id='line_1_2' title="bbox 119 689 1316 777; baseline 0 -25"><span class='ocrx_word' id='word_1_2' title='bbox 119 693 211 777; x_wconf 83' lang='lat' dir='ltr'><strong>ipsam</strong></span> <span class='ocrx_word' id='word_1_3' title='bbox 225 692 312 754; x_wconf 92' lang='lat' dir='ltr'><strong>dicto</strong></span> <span class='ocrx_word' id='word_1_4' title='bbox 324 692 509 755; x_wconf 89' lang='lat' dir='ltr'><strong>hlonasterio</strong></span> <span class='ocrx_word' id='word_1_5' title='bbox 521 690 745 773; x_wconf 76' lang='lat' dir='ltr'>dispendiosam</span> <span class='ocrx_word' id='word_1_6' title='bbox 758 691 877 754; x_wconf 81' lang='lat' dir='ltr'><strong>nolebat</strong></span> <span class='ocrx_word' id='word_1_7' title='bbox 890 689 1021 756; x_wconf 90' lang='lat' dir='ltr'><strong>Vlterius</strong></span> <span class='ocrx_word' id='word_1_8' title='bbox 1036 691 1179 763; x_wconf 86' lang='lat' dir='ltr'><strong>tolerare,</strong></span> <span class='ocrx_word' id='word_1_9' title='bbox 1197 691 1316 755; x_wconf 90' lang='lat' dir='ltr'><strong>dilectis</strong></span> 
     </span>
     <span class='ocr_line' id='line_1_3' title="bbox 28 799 1315 888; baseline 0.002 -26"><span class='ocrx_word' id='word_1_10' title='bbox 28 818 29 821; x_wconf 69' lang='grc'>’</span> <span class='ocrx_word' id='word_1_11' title='bbox 119 799 185 863; x_wconf 89' lang='lat' dir='ltr'><strong>tiliis</strong></span> <span class='ocrx_word' id='word_1_12' title='bbox 199 801 359 876; x_wconf 74' lang='lat' dir='ltr'><strong>Heus-ico,</strong></span> <span class='ocrx_word' id='word_1_13' title='bbox 375 801 489 866; x_wconf 86' lang='lat' dir='ltr'><strong>Suucti</strong></span> <span class='ocrx_word' id='word_1_14' title='bbox 508 799 635 888; x_wconf 82' lang='lat' dir='ltr'><strong>Ypoliti,</strong></span> <span class='ocrx_word' id='word_1_15' title='bbox 651 808 683 865; x_wconf 89' lang='lat' dir='ltr'><strong>ct</strong></span> <span class='ocrx_word' id='word_1_16' title='bbox 703 799 872 865; x_wconf 85' lang='lat' dir='ltr'><strong>Wcrubero</strong></span> <span class='ocrx_word' id='word_1_17' title='bbox 893 802 1000 866; x_wconf 83' lang='lat' dir='ltr'><strong>suncti</strong></span> <span class='ocrx_word' id='word_1_18' title='bbox 1009 800 1142 884; x_wconf 71' lang='lat' dir='ltr'><strong>floriani</strong></span> <span class='ocrx_word' id='word_1_19' title='bbox 1155 801 1315 866; x_wconf 80' lang='lat' dir='ltr'><strong>Menoete-</strong></span> 
     </span>
     <span class='ocr_line' id='line_1_4' title="bbox 118 907 1317 995; baseline 0.001 -24"><span class='ocrx_word' id='word_1_20' title='bbox 118 908 236 971; x_wconf 79' lang='lat' dir='ltr'><strong>rr&#39;omm</strong></span> <span class='ocrx_word' id='word_1_21' title='bbox 259 908 441 995; x_wconf 67' lang='lat' dir='ltr'><strong>prepositis</strong></span> <span class='ocrx_word' id='word_1_22' title='bbox 457 913 547 971; x_wconf 87' lang='lat' dir='ltr'><strong>-et</strong></span> <span class='ocrx_word' id='word_1_23' title='bbox 570 907 699 972; x_wconf 62' lang='lat' dir='ltr'><strong>iliberto</strong></span> <span class='ocrx_word' id='word_1_24' title='bbox 722 909 852 972; x_wconf 84' lang='lat' dir='ltr'><strong>Deccno</strong></span> <span class='ocrx_word' id='word_1_25' title='bbox 877 928 912 972; x_wconf 91' lang='lat' dir='ltr'><strong>ac</strong></span> <span class='ocrx_word' id='word_1_26' title='bbox 938 909 1090 995; x_wconf 77' lang='lat' dir='ltr'><strong>mopistro</strong></span> <span class='ocrx_word' id='word_1_27' title='bbox 1112 908 1256 973; x_wconf 72' lang='lat' dir='ltr'><strong>iohanni</strong></span> <span class='ocrx_word' id='word_1_28' title='bbox 1277 909 1317 972; x_wconf 85' lang='lat' dir='ltr'><strong>de</strong></span> 
     </span>
     <span class='ocr_line' id='line_1_5' title="bbox 118 1017 1317 1104; baseline -0.002 -22"><span class='ocrx_word' id='word_1_29' title='bbox 118 1025 228 1082; x_wconf 74' lang='lat' dir='ltr'><strong>unua</strong></span> <span class='ocrx_word' id='word_1_30' title='bbox 244 1017 376 1104; x_wconf 73' lang='lat' dir='ltr'><strong>Apellea</strong></span> <span class='ocrx_word' id='word_1_31' title='bbox 398 1018 556 1083; x_wconf 81' lang='lat' dir='ltr'><strong>Cononico</strong></span> <span class='ocrx_word' id='word_1_32' title='bbox 577 1018 721 1082; x_wconf 81' lang='lat' dir='ltr'><strong>Ecclesic</strong></span> <span class='ocrx_word' id='word_1_33' title='bbox 741 1019 943 1083; x_wconf 78' lang='lat' dir='ltr'><strong>Potaoienss&#39;s</strong></span> <span class='ocrx_word' id='word_1_34' title='bbox 964 1018 1111 1082; x_wconf 88' lang='lat' dir='ltr'><strong>ordinario</strong></span> <span class='ocrx_word' id='word_1_35' title='bbox 1137 1019 1317 1081; x_wconf 86' lang='lat' dir='ltr'><strong>auctoritate</strong></span> 
     </span>
     <span class='ocr_line' id='line_1_6' title="bbox 119 1125 1317 1208; baseline 0.002 -22"><span class='ocrx_word' id='word_1_36' title='bbox 119 1125 277 1198; x_wconf 87' lang='lat' dir='ltr'><strong>commisit,</strong></span> <span class='ocrx_word' id='word_1_37' title='bbox 303 1130 335 1188; x_wconf 86' lang='lat' dir='ltr'><strong>rt</strong></span> <span class='ocrx_word' id='word_1_38' title='bbox 357 1125 393 1187; x_wconf 86' lang='lat' dir='ltr'><strong>ad</strong></span> <span class='ocrx_word' id='word_1_39' title='bbox 422 1126 532 1189; x_wconf 92' lang='lat' dir='ltr'><strong>dictum</strong></span> <span class='ocrx_word' id='word_1_40' title='bbox 557 1127 769 1189; x_wconf 87' lang='lat' dir='ltr'><strong>monasterium</strong></span> <span class='ocrx_word' id='word_1_41' title='bbox 792 1125 992 1208; x_wconf 77' lang='lat' dir='ltr'><strong>personaliter</strong></span> <span class='ocrx_word' id='word_1_42' title='bbox 1018 1125 1203 1189; x_wconf 86' lang='lat' dir='ltr'><strong>accedentes</strong></span> <span class='ocrx_word' id='word_1_43' title='bbox 1225 1146 1317 1208; x_wconf 87' lang='lat' dir='ltr'><strong>super</strong></span> 
     </span>
     <span class='ocr_line' id='line_1_7' title="bbox 120 1233 1316 1320; baseline -0.001 -22"><span class='ocrx_word' id='word_1_44' title='bbox 120 1240 226 1298; x_wconf 89' lang='lat' dir='ltr'><strong>statum</strong></span> <span class='ocrx_word' id='word_1_45' title='bbox 242 1234 381 1298; x_wconf 89' lang='lat' dir='ltr'><strong>eiusdem</strong></span> <span class='ocrx_word' id='word_1_46' title='bbox 396 1233 571 1298; x_wconf 90' lang='lat' dir='ltr'><strong>hlonasterii</strong></span> <span class='ocrx_word' id='word_1_47' title='bbox 586 1238 646 1297; x_wconf 91' lang='lat' dir='ltr'><strong>tam</strong></span> <span class='ocrx_word' id='word_1_48' title='bbox 662 1235 693 1298; x_wconf 91' lang='lat' dir='ltr'><strong>in</strong></span> <span class='ocrx_word' id='word_1_49' title='bbox 710 1235 827 1320; x_wconf 90' lang='lat' dir='ltr'><strong>capite,</strong></span> <span class='ocrx_word' id='word_1_50' title='bbox 843 1256 930 1319; x_wconf 87' lang='lat' dir='ltr'><strong>quam</strong></span> <span class='ocrx_word' id='word_1_51' title='bbox 946 1235 976 1297; x_wconf 91' lang='lat' dir='ltr'><strong>io</strong></span> <span class='ocrx_word' id='word_1_52' title='bbox 994 1235 1135 1299; x_wconf 90' lang='lat' dir='ltr'><strong>memhris</strong></span> <span class='ocrx_word' id='word_1_53' title='bbox 1151 1235 1269 1319; x_wconf 85' lang='lat' dir='ltr'><strong>plenam</strong></span> <span class='ocrx_word' id='word_1_54' title='bbox 1285 1238 1316 1298; x_wconf 93' lang='lat' dir='ltr'><strong>et</strong></span> 
     </span>
     <span class='ocr_line' id='line_1_8' title="bbox 120 1341 1316 1427; baseline 0 -23"><span class='ocrx_word' id='word_1_55' title='bbox 120 1343 271 1405; x_wconf 81' lang='lat' dir='ltr'><strong>maximam</strong></span> <span class='ocrx_word' id='word_1_56' title='bbox 291 1342 479 1425; x_wconf 79' lang='lat' dir='ltr'><strong>inquirerent</strong></span> <span class='ocrx_word' id='word_1_57' title='bbox 494 1342 662 1405; x_wconf 79' lang='lat' dir='ltr'><strong>ueritatem.</strong></span> <span class='ocrx_word' id='word_1_58' title='bbox 694 1343 733 1406; x_wconf 84' lang='lat' dir='ltr'><strong>Et</strong></span> <span class='ocrx_word' id='word_1_59' title='bbox 748 1342 891 1427; x_wconf 87' lang='lat' dir='ltr'><strong>quidquid</strong></span> <span class='ocrx_word' id='word_1_60' title='bbox 908 1341 1032 1423; x_wconf 81' lang='lat' dir='ltr'><strong>dignum</strong></span> <span class='ocrx_word' id='word_1_61' title='bbox 1049 1342 1245 1406; x_wconf 71' lang='lat' dir='ltr'><strong>contencione</strong></span> <span class='ocrx_word' id='word_1_62' title='bbox 1262 1361 1316 1405; x_wconf 91' lang='lat' dir='ltr'><strong>seu</strong></span> 
     </span>
     <span class='ocr_line' id='line_1_9' title="bbox 121 1449 1317 1534; baseline 0.001 -21"><span class='ocrx_word' id='word_1_63' title='bbox 121 1450 336 1514; x_wconf 86' lang='lat' dir='ltr'><strong>emendacione</strong></span> <span class='ocrx_word' id='word_1_64' title='bbox 344 1451 522 1523; x_wconf 82' lang='lat' dir='ltr'><strong>invenirent,</strong></span> <span class='ocrx_word' id='word_1_65' title='bbox 538 1452 636 1514; x_wconf 91' lang='lat' dir='ltr'><strong>tamin</strong></span> <span class='ocrx_word' id='word_1_66' title='bbox 650 1453 760 1534; x_wconf 89' lang='lat' dir='ltr'><strong>capite,</strong></span> <span class='ocrx_word' id='word_1_67' title='bbox 771 1471 859 1534; x_wconf 64' lang='lat' dir='ltr'><strong>pam</strong></span> <span class='ocrx_word' id='word_1_68' title='bbox 871 1452 900 1514; x_wconf 92' lang='lat' dir='ltr'><strong>in</strong></span> <span class='ocrx_word' id='word_1_69' title='bbox 914 1449 1066 1522; x_wconf 87' lang='lat' dir='ltr'><strong>membris,</strong></span> <span class='ocrx_word' id='word_1_70' title='bbox 1078 1450 1165 1515; x_wconf 91' lang='lat' dir='ltr'><strong>deum</strong></span> <span class='ocrx_word' id='word_1_71' title='bbox 1176 1450 1317 1515; x_wconf 91' lang='lat' dir='ltr'><strong>habendo</strong></span> 
     </span>
     <span class='ocr_line' id='line_1_10' title="bbox 120 1557 1315 1643; baseline 0 -23"><span class='ocrx_word' id='word_1_72' title='bbox 120 1580 173 1643; x_wconf 90' lang='lat' dir='ltr'><strong>pre</strong></span> <span class='ocrx_word' id='word_1_73' title='bbox 190 1558 299 1630; x_wconf 87' lang='lat' dir='ltr'><strong>oculis,</strong></span> <span class='ocrx_word' id='word_1_74' title='bbox 316 1564 436 1622; x_wconf 83' lang='lat' dir='ltr'><strong>serrato</strong></span> <span class='ocrx_word' id='word_1_75' title='bbox 452 1559 533 1622; x_wconf 84' lang='lat' dir='ltr'><strong>duris</strong></span> <span class='ocrx_word' id='word_1_76' title='bbox 550 1560 657 1622; x_wconf 83' lang='lat' dir='ltr'><strong>ordine</strong></span> <span class='ocrx_word' id='word_1_77' title='bbox 674 1561 741 1624; x_wconf 82' lang='lat' dir='ltr'><strong>rice</strong></span> <span class='ocrx_word' id='word_1_78' title='bbox 757 1580 809 1623; x_wconf 91' lang='lat' dir='ltr'><strong>sua</strong></span> <span class='ocrx_word' id='word_1_79' title='bbox 822 1560 990 1623; x_wconf 84' lang='lat' dir='ltr'><strong>omnimode</strong></span> <span class='ocrx_word' id='word_1_80' title='bbox 1004 1559 1204 1639; x_wconf 82' lang='lat' dir='ltr'><strong>corrigerent.</strong></span> <span class='ocrx_word' id='word_1_81' title='bbox 1223 1557 1315 1621; x_wconf 86' lang='lat' dir='ltr'><strong>Cum-</strong></span> 
     </span>
     <span class='ocr_line' id='line_1_11' title="bbox 122 1665 1315 1751; baseline -0.001 -21"><span class='ocrx_word' id='word_1_82' title='bbox 122 1688 177 1751; x_wconf 91' lang='lat' dir='ltr'><strong>que</strong></span> <span class='ocrx_word' id='word_1_83' title='bbox 189 1666 264 1729; x_wconf 89' lang='lat' dir='ltr'><strong>dicti</strong></span> <span class='ocrx_word' id='word_1_84' title='bbox 277 1667 471 1751; x_wconf 77' lang='lat' dir='ltr'><strong>inquisitores</strong></span> <span class='ocrx_word' id='word_1_85' title='bbox 483 1665 519 1731; x_wconf 86' lang='lat' dir='ltr'><strong>ad</strong></span> <span class='ocrx_word' id='word_1_86' title='bbox 534 1667 644 1731; x_wconf 90' lang='lat' dir='ltr'><strong>dictum</strong></span> <span class='ocrx_word' id='word_1_87' title='bbox 661 1670 873 1731; x_wconf 90' lang='lat' dir='ltr'><strong>monasterium</strong></span> <span class='ocrx_word' id='word_1_88' title='bbox 887 1666 1090 1751; x_wconf 87' lang='lat' dir='ltr'><strong>personaliter</strong></span> <span class='ocrx_word' id='word_1_89' title='bbox 1101 1668 1315 1739; x_wconf 78' lang='lat' dir='ltr'><strong>accessissent,</strong></span> 
     </span>
     <span class='ocr_line' id='line_1_12' title="bbox 123 1774 1319 1860; baseline -0.001 -21"><span class='ocrx_word' id='word_1_90' title='bbox 123 1780 153 1839; x_wconf 90' lang='lat' dir='ltr'><strong>et</strong></span> <span class='ocrx_word' id='word_1_91' title='bbox 163 1774 389 1839; x_wconf 86' lang='lat' dir='ltr'><strong>contradictum</strong></span> <span class='ocrx_word' id='word_1_92' title='bbox 396 1777 584 1858; x_wconf 87' lang='lat' dir='ltr'><strong>prepositum</strong></span> <span class='ocrx_word' id='word_1_93' title='bbox 593 1797 684 1860; x_wconf 88' lang='lat' dir='ltr'><strong>super</strong></span> <span class='ocrx_word' id='word_1_94' title='bbox 696 1777 974 1859; x_wconf 89' lang='lat' dir='ltr'><strong>quibusdamcertis</strong></span> <span class='ocrx_word' id='word_1_95' title='bbox 992 1776 1123 1840; x_wconf 84' lang='lat' dir='ltr'><strong>articulis</strong></span> <span class='ocrx_word' id='word_1_96' title='bbox 1140 1783 1211 1839; x_wconf 87' lang='lat' dir='ltr'><strong>tunc</strong></span> <span class='ocrx_word' id='word_1_97' title='bbox 1228 1774 1319 1838; x_wconf 88' lang='lat' dir='ltr'><strong>abeis</strong></span> 
     </span>
     <span class='ocr_line' id='line_1_13' title="bbox 124 1883 1313 1970; baseline 0 -23"><span class='ocrx_word' id='word_1_98' title='bbox 124 1884 283 1967; x_wconf 86' lang='lat' dir='ltr'><strong>expressis,</strong></span> <span class='ocrx_word' id='word_1_99' title='bbox 301 1883 337 1946; x_wconf 92' lang='lat' dir='ltr'><strong>ad</strong></span> <span class='ocrx_word' id='word_1_100' title='bbox 353 1885 475 1946; x_wconf 88' lang='lat' dir='ltr'><strong>testium</strong></span> <span class='ocrx_word' id='word_1_101' title='bbox 493 1886 700 1968; x_wconf 84' lang='lat' dir='ltr'><strong>receptionem</strong></span> <span class='ocrx_word' id='word_1_102' title='bbox 717 1887 950 1969; x_wconf 84' lang='lat' dir='ltr'><strong>processissent,</strong></span> <span class='ocrx_word' id='word_1_103' title='bbox 968 1889 998 1947; x_wconf 90' lang='lat' dir='ltr'><strong>et</strong></span> <span class='ocrx_word' id='word_1_104' title='bbox 1012 1886 1145 1970; x_wconf 90' lang='lat' dir='ltr'><strong>ipsorum</strong></span> <span class='ocrx_word' id='word_1_105' title='bbox 1163 1886 1313 1948; x_wconf 88' lang='lat' dir='ltr'><strong>attestaci·</strong></span> 
     </span>
     <span class='ocr_line' id='line_1_14' title="bbox 124 1990 1319 2076; baseline 0.001 -22"><span class='ocrx_word' id='word_1_106' title='bbox 124 2012 194 2054; x_wconf 87' lang='lat' dir='ltr'><strong>ones</strong></span> <span class='ocrx_word' id='word_1_107' title='bbox 209 1990 430 2074; x_wconf 86' lang='lat' dir='ltr'><strong>publicassent,</strong></span> <span class='ocrx_word' id='word_1_108' title='bbox 447 1990 528 2055; x_wconf 92' lang='lat' dir='ltr'><strong>ldcm</strong></span> <span class='ocrx_word' id='word_1_109' title='bbox 544 1992 714 2076; x_wconf 88' lang='lat' dir='ltr'><strong>Stephanus</strong></span> <span class='ocrx_word' id='word_1_110' title='bbox 731 2012 767 2055; x_wconf 84' lang='lat' dir='ltr'><strong>es</strong></span> <span class='ocrx_word' id='word_1_111' title='bbox 784 2013 820 2055; x_wconf 89' lang='lat' dir='ltr'><strong>eo</strong></span> <span class='ocrx_word' id='word_1_112' title='bbox 837 1995 989 2062; x_wconf 86' lang='lat' dir='ltr'><strong>senciens,</strong></span> <span class='ocrx_word' id='word_1_113' title='bbox 1007 1993 1044 2056; x_wconf 89' lang='lat' dir='ltr'><strong>ab</strong></span> <span class='ocrx_word' id='word_1_114' title='bbox 1060 1992 1176 2055; x_wconf 89' lang='lat' dir='ltr'><strong>eisdem</strong></span> <span class='ocrx_word' id='word_1_115' title='bbox 1192 1993 1319 2076; x_wconf 89' lang='lat' dir='ltr'><strong>inquisi-</strong></span> 
     </span>
     <span class='ocr_line' id='line_1_15' title="bbox 124 2098 1318 2184; baseline -0.001 -21"><span class='ocrx_word' id='word_1_116' title='bbox 124 2099 238 2163; x_wconf 85' lang='lat' dir='ltr'><strong>toribus</strong></span> <span class='ocrx_word' id='word_1_117' title='bbox 256 2098 392 2162; x_wconf 87' lang='lat' dir='ltr'><strong>indebite</strong></span> <span class='ocrx_word' id='word_1_118' title='bbox 408 2119 443 2161; x_wconf 90' lang='lat' dir='ltr'><strong>se</strong></span> <span class='ocrx_word' id='word_1_119' title='bbox 459 2101 589 2180; x_wconf 81' lang='lat' dir='ltr'><strong>gravari,</strong></span> <span class='ocrx_word' id='word_1_120' title='bbox 615 2101 694 2184; x_wconf 90' lang='lat' dir='ltr'><strong>qnod</strong></span> <span class='ocrx_word' id='word_1_121' title='bbox 712 2102 808 2183; x_wconf 92' lang='lat' dir='ltr'><strong>ipsum</strong></span> <span class='ocrx_word' id='word_1_122' title='bbox 832 2102 869 2164; x_wconf 87' lang='lat' dir='ltr'><strong>ud</strong></span> <span class='ocrx_word' id='word_1_123' title='bbox 887 2100 1063 2184; x_wconf 87' lang='lat' dir='ltr'><strong>opponenda</strong></span> <span class='ocrx_word' id='word_1_124' title='bbox 1081 2100 1173 2164; x_wconf 88' lang='lat' dir='ltr'><strong>uerba</strong></span> <span class='ocrx_word' id='word_1_125' title='bbox 1190 2104 1221 2164; x_wconf 89' lang='lat' dir='ltr'><strong>et</strong></span> <span class='ocrx_word' id='word_1_126' title='bbox 1237 2100 1318 2163; x_wconf 87' lang='lat' dir='ltr'><strong>dicta</strong></span> 
     </span>
     <span class='ocr_line' id='line_1_16' title="bbox 92 2208 1318 2294; baseline 0 -23"><span class='ocrx_word' id='word_1_127' title='bbox 92 2240 95 2245; x_wconf 95' lang='lat'>·</span> <span class='ocrx_word' id='word_1_128' title='bbox 125 2211 254 2293; x_wconf 89' lang='lat' dir='ltr'><strong>ipsorum</strong></span> <span class='ocrx_word' id='word_1_129' title='bbox 283 2208 420 2280; x_wconf 87' lang='lat' dir='ltr'><strong>testium,</strong></span> <span class='ocrx_word' id='word_1_130' title='bbox 444 2216 532 2293; x_wconf 89' lang='lat' dir='ltr'><strong>prout</strong></span> <span class='ocrx_word' id='word_1_131' title='bbox 559 2214 647 2273; x_wconf 88' lang='lat' dir='ltr'><strong>antea</strong></span> <span class='ocrx_word' id='word_1_132' title='bbox 675 2211 773 2274; x_wconf 87' lang='lat' dir='ltr'><strong>fuerat</strong></span> <span class='ocrx_word' id='word_1_133' title='bbox 799 2214 999 2294; x_wconf 89' lang='lat' dir='ltr'><strong>protestatus,</strong></span> <span class='ocrx_word' id='word_1_134' title='bbox 1029 2208 1188 2272; x_wconf 89' lang='lat' dir='ltr'><strong>admittere</strong></span> <span class='ocrx_word' id='word_1_135' title='bbox 1215 2214 1318 2273; x_wconf 90' lang='lat' dir='ltr'><strong>contra</strong></span> 
     </span>
     <span class='ocr_line' id='line_1_17' title="bbox 125 2316 1317 2402; baseline 0.001 -24"><span class='ocrx_word' id='word_1_136' title='bbox 125 2318 270 2381; x_wconf 82' lang='lat' dir='ltr'><strong>iusticiam</strong></span> <span class='ocrx_word' id='word_1_137' title='bbox 281 2317 471 2398; x_wconf 84' lang='lat' dir='ltr'><strong>denegarent</strong></span> <span class='ocrx_word' id='word_1_138' title='bbox 482 2317 634 2381; x_wconf 91' lang='lat' dir='ltr'><strong>humiliter</strong></span> <span class='ocrx_word' id='word_1_139' title='bbox 645 2319 792 2402; x_wconf 86' lang='lat' dir='ltr'><strong>requisiti,</strong></span> <span class='ocrx_word' id='word_1_140' title='bbox 812 2319 849 2381; x_wconf 87' lang='lat' dir='ltr'><strong>ad</strong></span> <span class='ocrx_word' id='word_1_141' title='bbox 862 2317 967 2382; x_wconf 91' lang='lat' dir='ltr'><strong>sedem</strong></span> <span class='ocrx_word' id='word_1_142' title='bbox 980 2318 1172 2402; x_wconf 87' lang='lat' dir='ltr'><strong>apostolicam</strong></span> <span class='ocrx_word' id='word_1_143' title='bbox 1185 2316 1317 2401; x_wconf 86' lang='lat' dir='ltr'><strong>appella·</strong></span> 
     </span>
     <span class='ocr_line' id='line_1_18' title="bbox 126 2410 1317 2510; baseline -0.003 -22"><span class='ocrx_word' id='word_1_144' title='bbox 126 2425 231 2495; x_wconf 76' lang='lat' dir='ltr'><strong>title</strong></span> <span class='ocrx_word' id='word_1_145' title='bbox 253 2423 345 2487; x_wconf 91' lang='lat' dir='ltr'><strong>iidem</strong></span> <span class='ocrx_word' id='word_1_146' title='bbox 363 2424 556 2508; x_wconf 88' lang='lat' dir='ltr'><strong>inquisitores</strong></span> <span class='ocrx_word' id='word_1_147' title='bbox 573 2410 739 2489; x_wconf 89' lang='lat' dir='ltr'><strong>huiusmodi</strong></span> <span class='ocrx_word' id='word_1_148' title='bbox 763 2426 968 2510; x_wconf 87' lang='lat' dir='ltr'><strong>appellaciooe</strong></span> <span class='ocrx_word' id='word_1_149' title='bbox 994 2431 1179 2507; x_wconf 84' lang='lat' dir='ltr'><strong>contempta,</strong></span> <span class='ocrx_word' id='word_1_150' title='bbox 1205 2424 1317 2487; x_wconf 89' lang='lat' dir='ltr'><strong>dictum</strong></span> 
     </span>
     <span class='ocr_line' id='line_1_19' title="bbox 126 2532 1317 2619; baseline -0.002 -24"><span class='ocrx_word' id='word_1_151' title='bbox 126 2532 309 2616; x_wconf 88' lang='lat' dir='ltr'><strong>Stephanum</strong></span> <span class='ocrx_word' id='word_1_152' title='bbox 326 2554 343 2596; x_wconf 92' lang='lat' dir='ltr'><strong>a</strong></span> <span class='ocrx_word' id='word_1_153' title='bbox 360 2535 507 2614; x_wconf 86' lang='lat' dir='ltr'><strong>regimine</strong></span> <span class='ocrx_word' id='word_1_154' title='bbox 524 2534 618 2619; x_wconf 89' lang='lat' dir='ltr'><strong>ipsius</strong></span> <span class='ocrx_word' id='word_1_155' title='bbox 631 2533 816 2607; x_wconf 82' lang='lat' dir='ltr'><strong>llonasterii,</strong></span> <span class='ocrx_word' id='word_1_156' title='bbox 835 2534 870 2597; x_wconf 94' lang='lat' dir='ltr'><strong>ad</strong></span> <span class='ocrx_word' id='word_1_157' title='bbox 885 2534 963 2618; x_wconf 92' lang='lat' dir='ltr'><strong>quod</strong></span> <span class='ocrx_word' id='word_1_158' title='bbox 977 2533 1129 2597; x_wconf 85' lang='lat' dir='ltr'><strong>Canonice</strong></span> <span class='ocrx_word' id='word_1_159' title='bbox 1145 2537 1317 2614; x_wconf 88' lang='lat' dir='ltr'><strong>assumptus</strong></span> 
     </span>
    </p>
   </div>
   <div class='ocr_carea' id='block_1_3' title="bbox 28 2638 1319 2834">
    <p class='ocr_par' dir='ltr' id='par_1_3' title="bbox 28 2638 1319 2834">
     <span class='ocr_line' id='line_1_20' title="bbox 28 2638 1318 2726; baseline -0.003 -20"><span class='ocrx_word' id='word_1_160' title='bbox 28 2717 29 2720; x_wconf 8' lang='grc' dir='ltr'><strong>Ἴ</strong></span> <span class='ocrx_word' id='word_1_161' title='bbox 125 2641 228 2713; x_wconf 85' lang='lat' dir='ltr'><strong>inerat,</strong></span> <span class='ocrx_word' id='word_1_162' title='bbox 258 2660 315 2724; x_wconf 91' lang='lat' dir='ltr'><strong>per</strong></span> <span class='ocrx_word' id='word_1_163' title='bbox 342 2638 527 2704; x_wconf 82' lang='lat' dir='ltr'><strong>diffinitivam</strong></span> <span class='ocrx_word' id='word_1_164' title='bbox 555 2641 748 2707; x_wconf 84' lang='lat' dir='ltr'><strong>Sentenciem</strong></span> <span class='ocrx_word' id='word_1_165' title='bbox 776 2649 950 2706; x_wconf 81' lang='lat' dir='ltr'><strong>amoverunt</strong></span> <span class='ocrx_word' id='word_1_166' title='bbox 977 2642 1118 2726; x_wconf 88' lang='lat' dir='ltr'><strong>iniquam,</strong></span> <span class='ocrx_word' id='word_1_167' title='bbox 1148 2661 1245 2725; x_wconf 87' lang='lat' dir='ltr'><strong>aqua</strong></span> <span class='ocrx_word' id='word_1_168' title='bbox 1262 2659 1318 2722; x_wconf 91' lang='lat' dir='ltr'><strong>pro</strong></span> 
     </span>
     <span class='ocr_line' id='line_1_21' title="bbox 28 2747 1319 2834; baseline -0.005 -19"><span class='ocrx_word' id='word_1_169' title='bbox 28 2751 29 2770; x_wconf 71' lang='lat'>¹</span> <span class='ocrx_word' id='word_1_170' title='bbox 125 2755 207 2833; x_wconf 87' lang='lat' dir='ltr'><strong>parte</strong></span> <span class='ocrx_word' id='word_1_171' title='bbox 223 2749 321 2831; x_wconf 90' lang='lat' dir='ltr'><strong>ipsius</strong></span> <span class='ocrx_word' id='word_1_172' title='bbox 339 2749 485 2833; x_wconf 85' lang='lat' dir='ltr'><strong>Stephani</strong></span> <span class='ocrx_word' id='word_1_173' title='bbox 508 2751 544 2813; x_wconf 92' lang='lat' dir='ltr'><strong>ad</strong></span> <span class='ocrx_word' id='word_1_174' title='bbox 568 2751 695 2813; x_wconf 90' lang='lat' dir='ltr'><strong>eandem</strong></span> <span class='ocrx_word' id='word_1_175' title='bbox 718 2748 822 2813; x_wconf 89' lang='lat' dir='ltr'><strong>sedem</strong></span> <span class='ocrx_word' id='word_1_176' title='bbox 840 2751 937 2814; x_wconf 83' lang='lat' dir='ltr'><strong>extitit</strong></span> <span class='ocrx_word' id='word_1_177' title='bbox 953 2749 1144 2834; x_wconf 79' lang='lat' dir='ltr'><strong>appellatum.</strong></span> <span class='ocrx_word' id='word_1_178' title='bbox 1170 2747 1319 2829; x_wconf 79' lang='lat' dir='ltr'><strong>Quocirca</strong></span> 
     </span>
    </p>
   </div>
   <div class='ocr_carea' id='block_1_4' title="bbox 126 2855 1376 4781">
    <p class='ocr_par' dir='ltr' id='par_1_4' title="bbox 126 2855 1376 4781">
     <span class='ocr_line' id='line_1_22' title="bbox 126 2855 1320 2942; baseline -0.003 -22"><span class='ocrx_word' id='word_1_179' title='bbox 126 2857 306 2922; x_wconf 85' lang='lat' dir='ltr'><strong>discrecioni</strong></span> <span class='ocrx_word' id='word_1_180' title='bbox 323 2863 425 2921; x_wconf 79' lang='lat' dir='ltr'><strong>vestre</strong></span> <span class='ocrx_word' id='word_1_181' title='bbox 442 2878 497 2940; x_wconf 90' lang='lat' dir='ltr'><strong>per</strong></span> <span class='ocrx_word' id='word_1_182' title='bbox 513 2858 676 2942; x_wconf 85' lang='lat' dir='ltr'><strong>apostolica</strong></span> <span class='ocrx_word' id='word_1_183' title='bbox 693 2859 806 2940; x_wconf 88' lang='lat' dir='ltr'><strong>scripta</strong></span> <span class='ocrx_word' id='word_1_184' title='bbox 829 2858 1011 2929; x_wconf 89' lang='lat' dir='ltr'><strong>mandamus,</strong></span> <span class='ocrx_word' id='word_1_185' title='bbox 1029 2863 1177 2940; x_wconf 88' lang='lat' dir='ltr'><strong>qnatenus</strong></span> <span class='ocrx_word' id='word_1_186' title='bbox 1193 2855 1320 2925; x_wconf 77' lang='lat' dir='ltr'><strong>uocatis,</strong></span> 
     </span>
     <span class='ocr_line' id='line_1_23' title="bbox 127 2963 1318 3050; baseline -0.005 -22"><span class='ocrx_word' id='word_1_187' title='bbox 127 2969 172 3049; x_wconf 90' lang='lat' dir='ltr'><strong>qui</strong></span> <span class='ocrx_word' id='word_1_188' title='bbox 196 2966 319 3029; x_wconf 83' lang='lat' dir='ltr'><strong>lucrant</strong></span> <span class='ocrx_word' id='word_1_189' title='bbox 342 2965 505 3037; x_wconf 77' lang='lat' dir='ltr'><strong>evocandi,</strong></span> <span class='ocrx_word' id='word_1_190' title='bbox 535 2968 566 3028; x_wconf 92' lang='lat' dir='ltr'><strong>et</strong></span> <span class='ocrx_word' id='word_1_191' title='bbox 587 2965 696 3028; x_wconf 80' lang='lat' dir='ltr'><strong>cuditis</strong></span> <span class='ocrx_word' id='word_1_192' title='bbox 719 2965 790 3028; x_wconf 92' lang='lat' dir='ltr'><strong>hinc</strong></span> <span class='ocrx_word' id='word_1_193' title='bbox 812 2965 885 3028; x_wconf 92' lang='lat' dir='ltr'><strong>inde</strong></span> <span class='ocrx_word' id='word_1_194' title='bbox 904 2966 1078 3050; x_wconf 89' lang='lat' dir='ltr'><strong>propositis,</strong></span> <span class='ocrx_word' id='word_1_195' title='bbox 1107 2963 1187 3049; x_wconf 92' lang='lat' dir='ltr'><strong>quod</strong></span> <span class='ocrx_word' id='word_1_196' title='bbox 1209 2963 1318 3025; x_wconf 91' lang='lat' dir='ltr'><strong>iustum</strong></span> 
     </span>
     <span class='ocr_line' id='line_1_24' title="bbox 127 3069 1321 3158; baseline -0.002 -23"><span class='ocrx_word' id='word_1_197' title='bbox 127 3074 222 3145; x_wconf 88' lang='lat' dir='ltr'><strong>luerit,</strong></span> <span class='ocrx_word' id='word_1_198' title='bbox 240 3073 450 3157; x_wconf 85' lang='lat' dir='ltr'><strong>appellacione</strong></span> <span class='ocrx_word' id='word_1_199' title='bbox 462 3074 629 3157; x_wconf 89' lang='lat' dir='ltr'><strong>postposita</strong></span> <span class='ocrx_word' id='word_1_200' title='bbox 647 3074 827 3147; x_wconf 87' lang='lat' dir='ltr'><strong>decernatis,</strong></span> <span class='ocrx_word' id='word_1_201' title='bbox 844 3075 1002 3146; x_wconf 87' lang='lat' dir='ltr'><strong>iacientes,</strong></span> <span class='ocrx_word' id='word_1_202' title='bbox 1018 3073 1097 3158; x_wconf 91' lang='lat' dir='ltr'><strong>quod</strong></span> <span class='ocrx_word' id='word_1_203' title='bbox 1111 3069 1321 3138; x_wconf 77' lang='lat' dir='ltr'><strong>decreveritis,</strong></span> 
     </span>
     <span class='ocr_line' id='line_1_25' title="bbox 128 3181 1319 3265; baseline -0.006 -19"><span class='ocrx_word' id='word_1_204' title='bbox 128 3202 177 3265; x_wconf 89' lang='lat' dir='ltr'><strong>per</strong></span> <span class='ocrx_word' id='word_1_205' title='bbox 198 3201 357 3246; x_wconf 86' lang='lat' dir='ltr'><strong>censuram</strong></span> <span class='ocrx_word' id='word_1_206' title='bbox 385 3181 625 3246; x_wconf 88' lang='lat' dir='ltr'><strong>ecclesiasticam</strong></span> <span class='ocrx_word' id='word_1_207' title='bbox 648 3181 775 3245; x_wconf 88' lang='lat' dir='ltr'><strong>firmiter</strong></span> <span class='ocrx_word' id='word_1_208' title='bbox 797 3181 964 3245; x_wconf 82' lang='lat' dir='ltr'><strong>observari.</strong></span> <span class='ocrx_word' id='word_1_209' title='bbox 983 3181 1069 3263; x_wconf 79' lang='lat' dir='ltr'><strong>Quod</strong></span> <span class='ocrx_word' id='word_1_210' title='bbox 1092 3182 1118 3242; x_wconf 90' lang='lat' dir='ltr'><strong>si</strong></span> <span class='ocrx_word' id='word_1_211' title='bbox 1141 3199 1197 3243; x_wconf 91' lang='lat' dir='ltr'><strong>non</strong></span> <span class='ocrx_word' id='word_1_212' title='bbox 1215 3197 1319 3240; x_wconf 88' lang='lat' dir='ltr'><strong>omnes</strong></span> 
     </span>
     <span class='ocr_line' id='line_1_26' title="bbox 127 3288 1321 3374; baseline -0.004 -22"><span class='ocrx_word' id='word_1_213' title='bbox 127 3290 181 3353; x_wconf 89' lang='lat' dir='ltr'><strong>biis</strong></span> <span class='ocrx_word' id='word_1_214' title='bbox 198 3290 382 3374; x_wconf 84' lang='lat' dir='ltr'><strong>exequendis</strong></span> <span class='ocrx_word' id='word_1_215' title='bbox 395 3291 553 3374; x_wconf 90' lang='lat' dir='ltr'><strong>potueritis</strong></span> <span class='ocrx_word' id='word_1_216' title='bbox 564 3290 727 3363; x_wconf 90' lang='lat' dir='ltr'><strong>interesse,</strong></span> <span class='ocrx_word' id='word_1_217' title='bbox 745 3290 803 3354; x_wconf 92' lang='lat' dir='ltr'><strong>duo</strong></span> <span class='ocrx_word' id='word_1_218' title='bbox 816 3298 948 3355; x_wconf 85' lang='lat' dir='ltr'><strong>restrum</strong></span> <span class='ocrx_word' id='word_1_219' title='bbox 969 3310 1004 3354; x_wconf 89' lang='lat' dir='ltr'><strong>ea</strong></span> <span class='ocrx_word' id='word_1_220' title='bbox 1022 3288 1231 3354; x_wconf 90' lang='lat' dir='ltr'><strong>nichilominus</strong></span> <span class='ocrx_word' id='word_1_221' title='bbox 1249 3305 1321 3350; x_wconf 81' lang='lat' dir='ltr'><strong>exe·</strong></span> 
     </span>
     <span class='ocr_line' id='line_1_27' title="bbox 129 3398 1320 3483; baseline -0.003 -22"><span class='ocrx_word' id='word_1_222' title='bbox 129 3407 261 3482; x_wconf 87' lang='lat' dir='ltr'><strong>quantur.</strong></span> <span class='ocrx_word' id='word_1_223' title='bbox 279 3398 387 3461; x_wconf 86' lang='lat' dir='ltr'><strong>Datum</strong></span> <span class='ocrx_word' id='word_1_224' title='bbox 396 3398 928 3483; x_wconf 79' lang='lat' dir='ltr'><strong>AoiuponcldusduniiPontificatus</strong></span> <span class='ocrx_word' id='word_1_225' title='bbox 946 3399 1041 3462; x_wconf 89' lang='lat' dir='ltr'><strong>nostri</strong></span> <span class='ocrx_word' id='word_1_226' title='bbox 1059 3419 1134 3461; x_wconf 93' lang='lat' dir='ltr'><strong>anno</strong></span> <span class='ocrx_word' id='word_1_227' title='bbox 1152 3402 1320 3459; x_wconf 81' lang='lat' dir='ltr'><strong>octavo.—</strong></span> 
     </span>
     <span class='ocr_line' id='line_1_28' title="bbox 129 3497 1320 3590; baseline -0.004 -22"><span class='ocrx_word' id='word_1_228' title='bbox 129 3507 262 3570; x_wconf 88' lang='lat' dir='ltr'><strong>Partihus</strong></span> <span class='ocrx_word' id='word_1_229' title='bbox 279 3497 371 3588; x_wconf 83' lang='lat' dir='ltr'><strong>igitur</strong></span> <span class='ocrx_word' id='word_1_230' title='bbox 388 3511 418 3569; x_wconf 92' lang='lat' dir='ltr'><strong>et</strong></span> <span class='ocrx_word' id='word_1_231' title='bbox 435 3506 587 3576; x_wconf 88' lang='lat' dir='ltr'><strong>omnibus,</strong></span> <span class='ocrx_word' id='word_1_232' title='bbox 605 3526 681 3590; x_wconf 90' lang='lat' dir='ltr'><strong>quos</strong></span> <span class='ocrx_word' id='word_1_233' title='bbox 699 3527 826 3589; x_wconf 90' lang='lat' dir='ltr'><strong>presens</strong></span> <span class='ocrx_word' id='word_1_234' title='bbox 851 3508 947 3587; x_wconf 81' lang='lat' dir='ltr'><strong>tangit</strong></span> <span class='ocrx_word' id='word_1_235' title='bbox 963 3506 1131 3587; x_wconf 84' lang='lat' dir='ltr'><strong>negocium,</strong></span> <span class='ocrx_word' id='word_1_236' title='bbox 1148 3511 1179 3567; x_wconf 89' lang='lat' dir='ltr'><strong>ct</strong></span> <span class='ocrx_word' id='word_1_237' title='bbox 1195 3523 1320 3586; x_wconf 91' lang='lat' dir='ltr'><strong>quorum</strong></span> 
     </span>
     <span class='ocr_line' id='line_1_29' title="bbox 130 3612 1321 3700; baseline -0.003 -24"><span class='ocrx_word' id='word_1_238' title='bbox 130 3615 279 3687; x_wconf 85' lang='lat' dir='ltr'><strong>intererat,</strong></span> <span class='ocrx_word' id='word_1_239' title='bbox 297 3613 420 3697; x_wconf 90' lang='lat' dir='ltr'><strong>publice</strong></span> <span class='ocrx_word' id='word_1_240' title='bbox 436 3615 473 3677; x_wconf 87' lang='lat' dir='ltr'><strong>ad</strong></span> <span class='ocrx_word' id='word_1_241' title='bbox 492 3619 622 3678; x_wconf 86' lang='lat' dir='ltr'><strong>nostram</strong></span> <span class='ocrx_word' id='word_1_242' title='bbox 644 3615 833 3700; x_wconf 84' lang='lat' dir='ltr'><strong>presenciam</strong></span> <span class='ocrx_word' id='word_1_243' title='bbox 859 3615 959 3678; x_wconf 91' lang='lat' dir='ltr'><strong>debita</strong></span> <span class='ocrx_word' id='word_1_244' title='bbox 975 3613 1196 3696; x_wconf 88' lang='lat' dir='ltr'><strong>sollempuitate</strong></span> <span class='ocrx_word' id='word_1_245' title='bbox 1212 3612 1321 3682; x_wconf 85' lang='lat' dir='ltr'><strong>citatis,</strong></span> 
     </span>
     <span class='ocr_line' id='line_1_30' title="bbox 131 3719 1320 3808; baseline -0.003 -23"><span class='ocrx_word' id='word_1_246' title='bbox 131 3729 158 3785; x_wconf 88' lang='lat' dir='ltr'><strong>ct</strong></span> <span class='ocrx_word' id='word_1_247' title='bbox 172 3722 376 3808; x_wconf 87' lang='lat' dir='ltr'><strong>peremptorie</strong></span> <span class='ocrx_word' id='word_1_248' title='bbox 393 3729 424 3786; x_wconf 92' lang='lat' dir='ltr'><strong>et</strong></span> <span class='ocrx_word' id='word_1_249' title='bbox 440 3744 533 3806; x_wconf 88' lang='lat' dir='ltr'><strong>super</strong></span> <span class='ocrx_word' id='word_1_250' title='bbox 549 3723 710 3807; x_wconf 89' lang='lat' dir='ltr'><strong>Principali</strong></span> <span class='ocrx_word' id='word_1_251' title='bbox 728 3725 855 3806; x_wconf 82' lang='lat' dir='ltr'><strong>negocio</strong></span> <span class='ocrx_word' id='word_1_252' title='bbox 872 3729 903 3786; x_wconf 91' lang='lat' dir='ltr'><strong>et</strong></span> <span class='ocrx_word' id='word_1_253' title='bbox 919 3725 955 3787; x_wconf 90' lang='lat' dir='ltr'><strong>ad</strong></span> <span class='ocrx_word' id='word_1_254' title='bbox 969 3723 1131 3787; x_wconf 80' lang='lat' dir='ltr'><strong>audiendas</strong></span> <span class='ocrx_word' id='word_1_255' title='bbox 1147 3719 1320 3783; x_wconf 87' lang='lat' dir='ltr'><strong>sentencias</strong></span> 
     </span>
     <span class='ocr_line' id='line_1_31' title="bbox 133 3826 1321 3915; baseline -0.004 -23"><span class='ocrx_word' id='word_1_256' title='bbox 133 3831 277 3904; x_wconf 78' lang='lat' dir='ltr'><strong>euocatis,</strong></span> <span class='ocrx_word' id='word_1_257' title='bbox 301 3835 332 3894; x_wconf 90' lang='lat' dir='ltr'><strong>et</strong></span> <span class='ocrx_word' id='word_1_258' title='bbox 356 3831 449 3893; x_wconf 85' lang='lat' dir='ltr'><strong>altera</strong></span> <span class='ocrx_word' id='word_1_259' title='bbox 466 3837 551 3913; x_wconf 85' lang='lat' dir='ltr'><strong>parte</strong></span> <span class='ocrx_word' id='word_1_260' title='bbox 575 3838 730 3913; x_wconf 88' lang='lat' dir='ltr'><strong>presente,</strong></span> <span class='ocrx_word' id='word_1_261' title='bbox 754 3838 825 3914; x_wconf 91' lang='lat' dir='ltr'><strong>puta</strong></span> <span class='ocrx_word' id='word_1_262' title='bbox 848 3829 969 3894; x_wconf 93' lang='lat' dir='ltr'><strong>domino</strong></span> <span class='ocrx_word' id='word_1_263' title='bbox 993 3826 1153 3915; x_wconf 87' lang='lat' dir='ltr'><strong>Stephano</strong></span> <span class='ocrx_word' id='word_1_264' title='bbox 1164 3826 1321 3910; x_wconf 90' lang='lat' dir='ltr'><strong>Preposito</strong></span> 
     </span>
     <span class='ocr_line' id='line_1_32' title="bbox 132 3936 1321 4023; baseline -0.003 -23"><span class='ocrx_word' id='word_1_265' title='bbox 132 3940 275 4002; x_wconf 75' lang='lat' dir='ltr'><strong>antedicto</strong></span> <span class='ocrx_word' id='word_1_266' title='bbox 294 3944 444 4002; x_wconf 85' lang='lat' dir='ltr'><strong>eteorum</strong></span> <span class='ocrx_word' id='word_1_267' title='bbox 468 3939 555 4002; x_wconf 90' lang='lat' dir='ltr'><strong>nobis</strong></span> <span class='ocrx_word' id='word_1_268' title='bbox 577 3940 607 4003; x_wconf 90' lang='lat' dir='ltr'><strong>iu</strong></span> <span class='ocrx_word' id='word_1_269' title='bbox 631 3941 758 4003; x_wconf 89' lang='lat' dir='ltr'><strong>terminu</strong></span> <span class='ocrx_word' id='word_1_270' title='bbox 783 3942 921 4023; x_wconf 89' lang='lat' dir='ltr'><strong>predicto</strong></span> <span class='ocrx_word' id='word_1_271' title='bbox 938 3944 1141 4022; x_wconf 88' lang='lat' dir='ltr'><strong>comparente,</strong></span> <span class='ocrx_word' id='word_1_272' title='bbox 1164 3936 1232 3999; x_wconf 91' lang='lat' dir='ltr'><strong>aliis</strong></span> <span class='ocrx_word' id='word_1_273' title='bbox 1249 3954 1321 3999; x_wconf 78' lang='lat' dir='ltr'><strong>vero</strong></span> 
     </span>
     <span class='ocr_line' id='line_1_33' title="bbox 133 4042 1322 4131; baseline -0.004 -21"><span class='ocrx_word' id='word_1_274' title='bbox 133 4046 312 4119; x_wconf 89' lang='lat' dir='ltr'><strong>absentibus,</strong></span> <span class='ocrx_word' id='word_1_275' title='bbox 330 4066 386 4110; x_wconf 91' lang='lat' dir='ltr'><strong>nec</strong></span> <span class='ocrx_word' id='word_1_276' title='bbox 403 4067 459 4130; x_wconf 92' lang='lat' dir='ltr'><strong>per</strong></span> <span class='ocrx_word' id='word_1_277' title='bbox 476 4068 525 4119; x_wconf 91' lang='lat' dir='ltr'><strong>se,</strong></span> <span class='ocrx_word' id='word_1_278' title='bbox 544 4066 600 4110; x_wconf 90' lang='lat' dir='ltr'><strong>nec</strong></span> <span class='ocrx_word' id='word_1_279' title='bbox 616 4067 672 4131; x_wconf 91' lang='lat' dir='ltr'><strong>per</strong></span> <span class='ocrx_word' id='word_1_280' title='bbox 687 4053 914 4131; x_wconf 90' lang='lat' dir='ltr'><strong>procuratorem</strong></span> <span class='ocrx_word' id='word_1_281' title='bbox 932 4045 1184 4130; x_wconf 89' lang='lat' dir='ltr'><strong>comparentibus,</strong></span> <span class='ocrx_word' id='word_1_282' title='bbox 1201 4042 1322 4106; x_wconf 88' lang='lat' dir='ltr'><strong>libellus</strong></span> 
     </span>
     <span class='ocr_line' id='line_1_34' title="bbox 134 4152 1320 4239; baseline -0.003 -22"><span class='ocrx_word' id='word_1_283' title='bbox 134 4176 184 4238; x_wconf 90' lang='lat' dir='ltr'><strong>pro</strong></span> <span class='ocrx_word' id='word_1_284' title='bbox 204 4161 292 4239; x_wconf 85' lang='lat' dir='ltr'><strong>parte</strong></span> <span class='ocrx_word' id='word_1_285' title='bbox 314 4155 410 4238; x_wconf 89' lang='lat' dir='ltr'><strong>ipsius</strong></span> <span class='ocrx_word' id='word_1_286' title='bbox 427 4156 575 4237; x_wconf 90' lang='lat' dir='ltr'><strong>prepositi</strong></span> <span class='ocrx_word' id='word_1_287' title='bbox 597 4154 716 4220; x_wconf 87' lang='lat' dir='ltr'><strong>oblatus</strong></span> <span class='ocrx_word' id='word_1_288' title='bbox 739 4157 804 4227; x_wconf 81' lang='lat' dir='ltr'><strong>luit,</strong></span> <span class='ocrx_word' id='word_1_289' title='bbox 829 4154 921 4219; x_wconf 88' lang='lat' dir='ltr'><strong>Cuius</strong></span> <span class='ocrx_word' id='word_1_290' title='bbox 937 4159 1025 4218; x_wconf 87' lang='lat' dir='ltr'><strong>tenor</strong></span> <span class='ocrx_word' id='word_1_291' title='bbox 1039 4152 1107 4216; x_wconf 90' lang='lat' dir='ltr'><strong>talis</strong></span> <span class='ocrx_word' id='word_1_292' title='bbox 1124 4158 1188 4216; x_wconf 88' lang='lat' dir='ltr'><strong>est:</strong></span> <span class='ocrx_word' id='word_1_293' title='bbox 1213 4152 1320 4216; x_wconf 84' lang='lat' dir='ltr'><strong>Coram</strong></span> 
     </span>
     <span class='ocr_line' id='line_1_35' title="bbox 136 4260 1322 4335; baseline -0.001 -12"><span class='ocrx_word' id='word_1_294' title='bbox 136 4261 212 4326; x_wconf 86' lang='lat' dir='ltr'><strong>robis</strong></span> <span class='ocrx_word' id='word_1_295' title='bbox 235 4260 466 4326; x_wconf 85' lang='lat' dir='ltr'><strong>lionorabilibus</strong></span> <span class='ocrx_word' id='word_1_296' title='bbox 491 4262 570 4326; x_wconf 87' lang='lat' dir='ltr'><strong>Viris</strong></span> <span class='ocrx_word' id='word_1_297' title='bbox 592 4264 737 4335; x_wconf 87' lang='lat' dir='ltr'><strong>Dominis,</strong></span> <span class='ocrx_word' id='word_1_298' title='bbox 761 4264 917 4328; x_wconf 79' lang='lat' dir='ltr'><strong>Mauricio</strong></span> <span class='ocrx_word' id='word_1_299' title='bbox 940 4264 1060 4328; x_wconf 71' lang='lat' dir='ltr'><strong>Accae</strong></span> <span class='ocrx_word' id='word_1_300' title='bbox 1079 4261 1198 4326; x_wconf 83' lang='lat' dir='ltr'><strong>Sancte</strong></span> <span class='ocrx_word' id='word_1_301' title='bbox 1219 4261 1322 4325; x_wconf 73' lang='lat' dir='ltr'><strong>Marte</strong></span> 
     </span>
     <span class='ocr_line' id='line_1_36' title="bbox 137 4370 1319 4452; baseline -0.003 -18"><span class='ocrx_word' id='word_1_302' title='bbox 137 4370 293 4435; x_wconf 81' lang='lat' dir='ltr'><strong>Scotorum</strong></span> <span class='ocrx_word' id='word_1_303' title='bbox 321 4371 452 4435; x_wconf 81' lang='lat' dir='ltr'><strong>Wicnue</strong></span> <span class='ocrx_word' id='word_1_304' title='bbox 474 4377 505 4435; x_wconf 91' lang='lat' dir='ltr'><strong>et</strong></span> <span class='ocrx_word' id='word_1_305' title='bbox 529 4372 691 4446; x_wconf 75' lang='lat' dir='ltr'><strong>ludwico,</strong></span> <span class='ocrx_word' id='word_1_306' title='bbox 726 4373 857 4437; x_wconf 81' lang='lat' dir='ltr'><strong>Decurre</strong></span> <span class='ocrx_word' id='word_1_307' title='bbox 884 4371 1066 4438; x_wconf 74' lang='lat' dir='ltr'><strong>dltremcusi</strong></span> <span class='ocrx_word' id='word_1_308' title='bbox 1089 4371 1201 4434; x_wconf 86' lang='lat' dir='ltr'><strong>Putuu.</strong></span> <span class='ocrx_word' id='word_1_309' title='bbox 1230 4370 1319 4452; x_wconf 80' lang='lat' dir='ltr'><strong>dpoc.</strong></span> 
     </span>
     <span class='ocr_line' id='line_1_37' title="bbox 138 4478 1376 4566; baseline 0.002 -27"><span class='ocrx_word' id='word_1_310' title='bbox 138 4478 276 4543; x_wconf 87' lang='lat' dir='ltr'><strong>iudicibus</strong></span> <span class='ocrx_word' id='word_1_311' title='bbox 299 4480 329 4540; x_wconf 93' lang='lat' dir='ltr'><strong>in</strong></span> <span class='ocrx_word' id='word_1_312' title='bbox 346 4481 447 4543; x_wconf 88' lang='lat' dir='ltr'><strong>causis</strong></span> <span class='ocrx_word' id='word_1_313' title='bbox 464 4480 713 4562; x_wconf 86' lang='lat' dir='ltr'><strong>appellacionum,</strong></span> <span class='ocrx_word' id='word_1_314' title='bbox 728 4499 786 4566; x_wconf 90' lang='lat' dir='ltr'><strong>que</strong></span> <span class='ocrx_word' id='word_1_315' title='bbox 801 4480 881 4544; x_wconf 88' lang='lat' dir='ltr'><strong>inter</strong></span> <span class='ocrx_word' id='word_1_316' title='bbox 898 4500 945 4544; x_wconf 89' lang='lat' dir='ltr'><strong>mc</strong></span> <span class='ocrx_word' id='word_1_317' title='bbox 960 4479 1158 4565; x_wconf 79' lang='lat' dir='ltr'><strong>Stephanum</strong></span> <span class='ocrx_word' id='word_1_318' title='bbox 1170 4479 1320 4565; x_wconf 78' lang='lat' dir='ltr'><strong>preposi·</strong></span> <span class='ocrx_word' id='word_1_319' title='bbox 1371 4523 1376 4533; x_wconf 84' lang='lat'>.</span> 
     </span>
     <span class='ocr_line' id='line_1_38' title="bbox 139 4587 1320 4675; baseline 0.003 -27"><span class='ocrx_word' id='word_1_320' title='bbox 139 4593 196 4651; x_wconf 83' lang='lat' dir='ltr'><strong>trun</strong></span> <span class='ocrx_word' id='word_1_321' title='bbox 211 4587 386 4652; x_wconf 87' lang='lat' dir='ltr'><strong>hlooasterii</strong></span> <span class='ocrx_word' id='word_1_322' title='bbox 401 4588 650 4671; x_wconf 82' lang='lat' dir='ltr'><strong>newohurgensis</strong></span> <span class='ocrx_word' id='word_1_323' title='bbox 667 4610 702 4653; x_wconf 84' lang='lat' dir='ltr'><strong>es</strong></span> <span class='ocrx_word' id='word_1_324' title='bbox 720 4611 787 4661; x_wconf 91' lang='lat' dir='ltr'><strong>una,</strong></span> <span class='ocrx_word' id='word_1_325' title='bbox 805 4594 836 4652; x_wconf 89' lang='lat' dir='ltr'><strong>ct</strong></span> <span class='ocrx_word' id='word_1_326' title='bbox 856 4590 997 4663; x_wconf 72' lang='lat' dir='ltr'><strong>Vtricum,</strong></span> <span class='ocrx_word' id='word_1_327' title='bbox 1014 4590 1070 4675; x_wconf 82' lang='lat' dir='ltr'><strong>qui</strong></span> <span class='ocrx_word' id='word_1_328' title='bbox 1089 4610 1124 4652; x_wconf 86' lang='lat' dir='ltr'><strong>sc</strong></span> <span class='ocrx_word' id='word_1_329' title='bbox 1138 4588 1217 4652; x_wconf 80' lang='lat' dir='ltr'><strong>dicit</strong></span> <span class='ocrx_word' id='word_1_330' title='bbox 1239 4589 1320 4651; x_wconf 85' lang='lat' dir='ltr'><strong>elec·</strong></span> 
     </span>
     <span class='ocr_line' id='line_1_39' title="bbox 140 4696 1319 4781; baseline 0.001 -23"><span class='ocrx_word' id='word_1_331' title='bbox 140 4699 196 4758; x_wconf 80' lang='lat' dir='ltr'><strong>turn</strong></span> <span class='ocrx_word' id='word_1_332' title='bbox 210 4696 346 4761; x_wconf 86' lang='lat' dir='ltr'><strong>ciusdem</strong></span> <span class='ocrx_word' id='word_1_333' title='bbox 361 4697 560 4770; x_wconf 81' lang='lat' dir='ltr'><strong>Mouuetcrr&#39;c&#39;,</strong></span> <span class='ocrx_word' id='word_1_334' title='bbox 586 4720 625 4764; x_wconf 89' lang='lat' dir='ltr'><strong>uc</strong></span> <span class='ocrx_word' id='word_1_335' title='bbox 647 4721 719 4764; x_wconf 84' lang='lat' dir='ltr'><strong>suos</strong></span> <span class='ocrx_word' id='word_1_336' title='bbox 734 4700 899 4764; x_wconf 73' lang='lat' dir='ltr'><strong>dilectores</strong></span> <span class='ocrx_word' id='word_1_337' title='bbox 914 4699 1093 4781; x_wconf 78' lang='lat' dir='ltr'><strong>Spfriduru,</strong></span> <span class='ocrx_word' id='word_1_338' title='bbox 1115 4696 1319 4772; x_wconf 87' lang='lat' dir='ltr'><strong>Wulclrcrum,</strong></span> 
     </span>
    </p>
   </div>
   <div class='ocr_carea' id='block_1_5' title="bbox 0 0 1646 5350">
    <p class='ocr_par' dir='ltr' id='par_1_5' title="bbox 0 0 1646 5350">
     <span class='ocr_line' id='line_1_40' title="bbox 0 0 1646 5350; baseline 0 0"><span class='ocrx_word' id='word_1_339' title='bbox 0 0 1646 5350; x_wconf 95' lang='lat' dir='ltr'><strong> </strong></span> 
     </span>
    </p>
   </div>
  </div>
 </body>
</html>
