3242 5350
287 500 367 571 224

284 672 461 757 spiritualia,
478 672 674 738 remissiones
690 671 835 739 videlicet
856 679 888 739 et
903 675 1110 757 indulgencias
1127 677 1254 741 inuitare
1270 675 1426 739 consuerit
1444 671 1486 738 ad

284 783 417 848 debitum
440 781 598 845 famulatus
626 780 770 845 honorem
787 781 852 846 Deo
875 789 907 848 et
930 787 1026 849 sacris
1050 784 1157 850 edibus
1180 783 1422 868 impendendum,
1442 782 1489 847 Vt

283 899 394 978 quanto
411 887 551 955 crebrius
576 894 607 952 et
631 889 774 953 devocius
797 890 868 954 illuc
892 892 1014 956 confluit
1029 893 1159 977 populus
1176 890 1375 964 Christianus,
1399 892 1483 956 assi-

283 998 350 1064 duls
366 998 525 1063 salvatoris
539 996 673 1081 graciam
689 996 832 1081 precibus
848 997 1047 1083 implorando,
1062 1004 1146 1064 tanto
1163 999 1340 1065 delictorum
1356 1019 1486 1064 snorum

283 1109 399 1173 veniam
417 1112 448 1170 et
463 1104 591 1187 gloriam
615 1105 703 1185 regni
720 1106 843 1171 celestis
860 1111 1006 1193 consequi
1022 1114 1172 1173 mereatur
1188 1114 1331 1172 eternam.
1349 1106 1487 1192 Cupien-

282 1222 329 1279 tes
346 1214 450 1296 igitur,
473 1218 505 1278 vt
521 1213 655 1300 Capella
670 1214 791 1280 εἰέιιαέα
806 1215 841 1280 in
862 1217 980 1282 ambitu
995 1217 1185 1282 Monastcrii
1198 1223 1308 1281 sende
1322 1214 1431 1281 Muris
1447 1217 1486 1280 in

282 1323 486 1411 Ncunburqn,
503 1322 538 1386 in
553 1342 616 1408 qam
632 1322 790 1408 quondam
804 1324 951 1389 diarchia
962 1325 1091 1390 Austris
1099 1324 1176 1412 pius
1186 1325 1367 1410 heripoldus
1377 1324 1484 1389 corni·

281 1440 385 1504 notas
414 1429 552 1496 duom
578 1429 769 1495 Monosterii
789 1432 955 1515 fundator,
983 1433 1039 1519 qui
1063 1432 1170 1497 moltis
1195 1432 1308 1497 ibidem
1330 1439 1485 1513 canescet

279 1539 455 1611 mirandis,
470 1544 517 1603 est
531 1539 684 1625 sepultus,
702 1540 845 1619 congruis
862 1539 1026 1604 honoribus
1043 1541 1264 1623 frequentetur,
1283 1546 1314 1604 et
1330 1562 1346 1602 a
1363 1538 1483 1603 Christi

283 1646 421 1713 fidelibus
448 1646 561 1728 iugiter
588 1650 757 1716 veneretur,
782 1646 927 1710 Omnibus
948 1667 1019 1712 vere
1043 1646 1248 1731 penitentibus
1273 1654 1304 1711 et
1326 1646 1483 1712 confessis

280 1757 330 1841 qni
347 1755 384 1818 ad
402 1753 514 1817 dictam
529 1751 681 1836 Capellam
697 1754 732 1818 in
748 1754 868 1820 honore
882 1756 946 1820 Dei
969 1764 1000 1820 et
1024 1755 1104 1820 dicti
1117 1754 1316 1820 Morcbioaio
1334 1754 1484 1841 predicti

280 1861 470 1929 Moncstcrii
478 1860 664 1944 fundatoris
676 1862 705 1923 in
722 1861 835 1944 quintis
849 1862 937 1927 feriis
953 1862 1027 1928 etin
1045 1861 1132 1925 festis
1144 1861 1223 1924 infra
1238 1862 1371 1945 scriptis,
1387 1861 1480 1925 ride-

280 1971 367 2037 licct:
381 1967 496 2033 Natalis
514 1967 643 2040 Domini,
659 1966 915 2043 circumcisionis,
937 1967 1116 2052 Epiphania,
1132 1968 1330 2041 Parascsres,
1345 1968 1481 2042 Pascbe,

279 2076 482 2148 incensionis,
499 2075 707 2149 Pentecosten,
724 2075 868 2161 Corporis
886 2076 1011 2149 Christi,
1027 2076 1214 2141 invencionis
1230 2081 1262 2140 et
1277 2075 1479 2141 exaltacionis

279 2191 385 2250 sancte
412 2183 531 2256 Crucis,
558 2183 589 2247 ln
616 2183 753 2248 omnibus
780 2191 812 2248 et
837 2184 966 2269 singulis
988 2184 1077 2249 festis
1098 2183 1189 2249 beate
1209 2185 1305 2249 llario
1326 2184 1476 2267 Virginis,

194 2299 200 2309 ’
279 2292 450 2358 Natiuitatis
466 2300 498 2354 et
514 2291 736 2357 Dccollacionis
753 2290 835 2355 beati
851 2292 998 2356 iohannis
1013 2292 1155 2376 baptiste,
1171 2292 1328 2357 beatorum
1343 2292 1426 2356 Petri
1443 2300 1478 2357 et

279 2401 362 2465 Pauli
389 2397 614 2484 Apostolorum,
646 2403 677 2463 et
703 2400 832 2465 omnium
858 2400 983 2464 aliorum
1011 2407 1183 2465 sanctorum
1210 2398 1414 2485 apostolorum
1444 2406 1478 2464 et

279 2507 562 2590 aevangelistarum,
590 2508 686 2572 sancti
711 2508 867 2571 Michaelis
889 2507 1082 2590 Archangeli,
1110 2513 1281 2572 sanctorum
1298 2506 1473 2579 Laurencii,

198 2670 200 2676 .
277 2616 435 2701 Stephani,
465 2613 592 2698 Georgii
625 2619 655 2680 et
683 2614 848 2680 Clementis
876 2616 1047 2691 martirum,
1076 2622 1307 2700 sanctorumque
1338 2614 1475 2688 narum,

278 2724 426 2796 Nicholai,
441 2725 612 2807 Augustini,
628 2723 707 2788 Galli
723 2729 755 2787 et
766 2723 908 2805 Gregorii
921 2723 1146 2798 confessorum,
1163 2732 1194 2789 et
1209 2723 1364 2789 beatorum
1376 2723 1478 2787 biario

278 2831 467 2912 Magdalene,
491 2832 643 2904 llatcrine,
661 2833 841 2913 Margarete,
865 2833 992 2914 Agathe,
1020 2834 1162 2906 Barbare,
1187 2832 1357 2906 Gertrudis,
1379 2831 1475 2903 dire,

278 2938 385 3006 Vrsule
401 2946 431 3005 et
448 2939 592 3005 Vndecim
609 2939 731 3004 millium
748 2940 903 3020 virginum
920 2948 952 3005 et
974 2963 1030 3025 per
1052 2948 1174 3007 octavas
1191 2941 1338 3005 dictarum
1354 2938 1477 3002 festiri-

275 3055 368 3112 tatum
386 3049 515 3114 Octaras
531 3047 713 3119 habentium,
731 3049 919 3132 singulisque
935 3049 1042 3115 diebus
1059 3049 1217 3113 dominicis
1239 3067 1329 3112 cansa
1347 3046 1474 3111 devoci-

276 3157 352 3233 onis,
368 3158 529 3229 oracionis,
547 3163 603 3221 out
615 3157 891 3243 peregrinacionio
902 3157 1099 3230 accesserint,
1112 3178 1167 3221 seu
1180 3157 1229 3241 qui
1243 3157 1353 3228 missis,
1365 3153 1473 3239 predi·

276 3264 462 3334 nacionibus,
480 3264 643 3335 matutinis,
660 3264 810 3347 vesperis,
827 3270 877 3328 aut
892 3265 958 3328 aliis
974 3266 1212 3350 quibuscumque
1228 3262 1345 3328 Officiis
1362 3263 1472 3326 divirris

274 3374 386 3439 ibidem
402 3372 603 3445 interfuerint,
627 3372 692 3437 Nec
719 3393 788 3446 non,
805 3373 857 3458 qui
872 3375 910 3439 ad
935 3372 1088 3445 fabricam,
1115 3373 1278 3444 luminaria,
1295 3375 1471 3435 ornamento

275 3489 325 3546 aut
341 3481 446 3567 quevis
462 3479 521 3544 alia
537 3479 620 3543 dicte
636 3478 760 3565 Capelle
777 3483 950 3546 necessaria
965 3502 1070 3545 manus
1087 3484 1277 3565 porrexerint
1292 3479 1469 3552 adiutriccs,

274 3590 330 3654 Vel
346 3591 397 3675 qui
414 3591 444 3653 in
460 3607 563 3653 eorum
579 3589 778 3661 testamentis,
794 3594 846 3653 aut
860 3595 954 3663 extra,
971 3610 1090 3661 aurum,
1107 3596 1275 3672 argentum,
1291 3591 1469 3651 vestimenta

274 3697 323 3762 vel
339 3697 398 3761 alia
412 3696 567 3761 caritativa
583 3695 718 3760 subsidia
735 3696 835 3761 eidem
852 3698 976 3782 Capelle
1001 3698 1193 3769 donaverint,
1216 3696 1399 3780 legaverint,
1417 3701 1470 3759 aut

274 3805 378 3868 donari
401 3803 447 3868 vel
471 3804 567 3886 legari
588 3805 829 3887 procuraverint,
852 3806 1143 3889 Quocienscumque,
1165 3804 1413 3889 quandocumque
1436 3810 1471 3868 et

273 3911 454 3996 ubicumque
480 3913 629 3995 premissa
656 3912 703 3976 vel
730 3913 843 3998 aliquid
873 3915 1087 3997 premissorum
1118 3912 1227 3977 devote
1257 3912 1402 3984 fecerint,
1427 3911 1467 3974 de

274 4019 495 4104 Omnipotentis
508 4018 564 4084 Dei
582 4020 786 4086 misericordia
803 4027 836 4085 et
850 4021 1005 4086 beatorum
1023 4021 1104 4085 Petri
1122 4026 1153 4084 et
1166 4020 1247 4085 Pauli
1263 4020 1467 4106 apostolorum

273 4128 340 4191 eius
362 4128 542 4191 auctoritate
566 4126 682 4201 conlisi,
706 4127 826 4211 Singuli
845 4137 978 4194 nostrum
995 4128 1200 4212 Quadraginta
1222 4129 1288 4193 dies
1303 4128 1466 4211 indulgen-

273 4235 385 4298 ciarum
403 4235 441 4298 de
458 4234 600 4301 iniunctis
621 4236 666 4298 eis
687 4237 870 4319 penitencijs
891 4238 1130 4302 misericorditer
1152 4239 1182 4301 in
1205 4237 1325 4302 domino
1347 4237 1466 4302 relaxa-

274 4362 350 4414 mus,
367 4343 533 4408 Dummodo
550 4343 712 4408 lliocesani
729 4344 865 4409 voluntas
887 4345 923 4409 ad
946 4346 978 4408 id
995 4347 1161 4411 accesserit
1185 4352 1218 4410 et
1239 4365 1415 4409 consensus.
1432 4346 1464 4409 ln

272 4453 358 4515 cuius
375 4451 418 4514 rei
434 4451 634 4515 testimonium
649 4459 810 4534 presentes
827 4453 946 4517 litteras
958 4455 1124 4537 sigillorum
1137 4460 1305 4519 nostrorum
1318 4454 1465 4537 jussimus

271 4561 457 4642 appensione
473 4559 590 4623 muniri.
609 4560 715 4622 Datum
731 4561 887 4627 Aricinae
902 4562 964 4625 XV.
983 4562 1033 4626 die
1047 4564 1227 4647 septembris
1243 4565 1327 4634 Anno
1344 4563 1465 4628 Domini

270 4665 479 4732 dcccxxvi.
487 4667 724 4733 EtPontificatus
733 4669 852 4734 Domini
860 4669 1006 4735 iohannis
1018 4673 1190 4756 pachXll.
1202 4693 1278 4738 anno
1287 4672 1464 4737 Vndecimo.
