3242 5350
691 686 781 767 clx.

154 826 272 883 Vidimus
290 827 342 885 des
355 830 498 885 Pussouer
509 830 654 903 Bireboscr
669 829 807 885 Werrrber
824 830 893 884 siber
906 830 968 885 eine
987 827 1121 885 Urlrsrrrie
1136 827 1185 882 sier
1196 826 1323 883 Karnea-

150 919 244 989 brrrper·
266 920 410 993 Pp‘nrrers
434 920 534 976 Utricls
560 936 614 975 von
640 918 754 975 Naidos
767 920 798 974 io
810 921 908 989 Besap
929 922 989 993 uus
1004 919 1055 976 dos
1076 918 1259 975 Zebastrecbt
1277 917 1326 974 der

554 1011 659 1083 Stitier
676 1027 714 1065 eu
732 1010 920 1085 Emrsdorpi

468 1119 529 1174 Dat.
547 1120 773 1191 Klaslerneuburg
789 1120 833 1174 28.
852 1120 905 1175 Juli
928 1118 1006 1174 1306.

226 1224 290 1291 Nus
324 1228 515 1295 Wemberars
540 1231 594 1295 dei
619 1231 733 1317 procia
764 1230 907 1296 meum
927 1230 1126 1295 Patuoiensis
1159 1229 1326 1318 episcopeo

144 1336 335 1420 presentibus
353 1337 540 1412 confitemur,
558 1360 611 1404 nos
627 1339 742 1404 vidisse
767 1338 869 1404 literas
896 1337 1041 1421 sigillatas
1058 1338 1157 1422 sigillo
1177 1339 1272 1405 Vlrioi
1285 1339 1325 1404 de

143 1445 281 1529 Nepdow
293 1446 434 1531 plebani
442 1445 549 1528 piebis
559 1446 594 1509 in
605 1445 802 1533 Neronburpu
819 1451 851 1509 et
869 1445 1071 1510 universitatis
1089 1447 1196 1511 civium
1214 1444 1324 1510 ibidem

143 1554 205 1617 sins
226 1553 474 1638 reprehensione
502 1555 633 1638 qnalibet
658 1556 689 1618 in
713 1555 771 1620 bec
793 1554 894 1620 rerba.
930 1555 995 1638 Ego
1026 1555 1144 1621 Virious
1169 1556 1325 1622 dictastis

32 1666 34 1753 ξ
141 1663 280 1747 Nepduao
303 1663 462 1750 plebanus
484 1664 616 1728 ecclesie
637 1664 743 1730 sono&
764 1665 875 1753 Epidii
897 1664 931 1728 in
956 1665 1155 1753 Nosaabarpu
1176 1687 1239 1730 msa
1254 1684 1325 1732 cum

32 1810 34 1875 p
141 1771 351 1837 omommtote
362 1772 477 1836 dmum
484 1773 598 1838 ididem
610 1780 709 1837 nonam
723 1794 792 1837 esse
804 1776 892 1860 cupio
902 1774 1092 1858 presencium
1101 1772 1323 1858 inspectoribus

32 1878 34 1923 ἶ
142 1882 287 1944 mirensis
316 1881 514 1965 presentibus
546 1888 576 1946 et
598 1882 722 1955 tuturis,
757 1882 837 1967 quod
864 1903 881 1946 a
911 1890 1046 1967 tempore
1073 1881 1323 1967 predecessorum

32 2436 34 2473 l

143 2010 271 2054 meorum
289 1997 324 2052 et
336 2010 354 2053 a
365 1997 502 2075 tempore
518 1990 628 2055 domini
638 1991 775 2076 Npeoloi
786 1993 865 2057 bose
878 1993 1025 2057 memorie
1040 1991 1195 2080 pwodars
1207 1990 1323 2057 Nesco·

142 2099 306 2186 {ruspensis
332 2099 466 2165 ecclesie
484 2100 656 2187 prepositi,
679 2101 730 2184 qui
746 2101 785 2165 de
810 2120 863 2164 sua
885 2099 1063 2165 liberalitate
1083 2106 1114 2163 et
1135 2100 1238 2183 gracia
1253 2119 1323 2183 pre-

142 2208 246 2272 dictam
263 2209 361 2274 michi
378 2208 502 2274 contulit
518 2208 693 2281 ecclesiam,
711 2230 766 2273 nec
780 2228 837 2271 uon
854 2228 870 2271 a
886 2214 1020 2292 tempore
1043 2210 1127 2273 cuius
1149 2229 1207 2272 uon
1224 2213 1321 2273 exstat

141 2319 292 2391 memoria,
310 2319 374 2382 due
382 2325 496 2405 portes
512 2318 610 2383 omnis
625 2317 743 2383 decime
758 2319 846 2383 intra
857 2318 1006 2383 terminos
1019 2318 1175 2406 parochie
1187 2318 1321 2383 omnium

138 2448 327 2513 porrorum,
355 2427 477 2515 ducque
502 2435 614 2513 portes
644 2428 762 2493 decime
792 2427 862 2492 cirri
887 2427 921 2491 io
943 2428 1062 2515 plano,
1090 2427 1174 2515 qaod
1201 2427 1322 2493 dicitur
1442 2472 1446 2479 =

32 2528 33 2553 ³
139 2536 231 2607 libem
254 2535 293 2600 ior
315 2535 540 2619 Eucaermdors
552 2535 745 2620 superiorem
767 2556 925 2600 eumaem
953 2536 1148 2600 domimrum
1177 2555 1316 2600 meorsrm

140 2645 177 2710 de
189 2646 396 2735 Neroabsrrpo
416 2644 592 2732 respiciunt
614 2645 692 2708 omni
712 2645 778 2708 iure
800 2650 831 2708 et
853 2645 948 2708 tercia
964 2664 1034 2729 pars
1052 2644 1184 2709 eiusdem
1203 2640 1319 2707 decime

143 2755 234 2819 omnis
261 2755 352 2839 grani
378 2760 409 2820 st
435 2754 496 2819 vini
522 2755 553 2816 in
579 2751 646 2817 loco
673 2754 811 2837 predicto
839 2751 876 2817 ad
906 2752 1066 2817 ecclesiam
1098 2752 1195 2817 sancti
1220 2751 1319 2834 Epidii

142 2866 294 2946 pertinent
319 2871 513 2928 memoratam
528 2882 595 2926 cum
611 2862 748 2926 omnibus
769 2863 890 2926 munitis
906 2862 1033 2926 decimis
1054 2867 1158 2946 preter
1173 2860 1319 2926 decimam

145 2991 299 3053 agnorum,
328 2974 413 3036 cuius
430 2971 566 3035 similiter
581 2971 654 3035 duas
675 2979 777 3056 partes
792 2971 929 3055 predicta
952 2971 1068 3054 colligit
1090 2992 1207 3036 camera
1228 2990 1320 3054 supe-

144 3081 210 3153 rior,
227 3087 260 3145 et
283 3082 378 3146 tercia
396 3080 435 3144 ad
449 3079 614 3165 predictam
640 3079 802 3145 ecclesiam
818 3079 1020 3164 parochialem
1036 3080 1202 3146 dinoscitur
1224 3080 1320 3163 perti-

146 3209 231 3263 nere;
265 3191 371 3254 rolens
396 3211 470 3272 ergo
493 3188 712 3274 gravaminibus
740 3189 895 3274 sepedicto
922 3209 1039 3255 camere
1069 3189 1190 3255 caucius
1213 3207 1320 3271 preca·

145 3319 222 3372 rere,
256 3320 293 3363 ea
309 3300 341 3362 in
357 3299 466 3386 quibus
497 3299 543 3361 ius
566 3298 709 3362 decimale
730 3296 822 3361 michi
845 3300 1021 3383 comperiit,
1053 3317 1123 3363 sana
1145 3318 1236 3383 super
1263 3297 1320 3361 hec

32 3417 34 3444 ⁴
147 3406 366 3472 deliberacione
382 3406 480 3472 babita
496 3406 687 3492 presentibus
706 3409 857 3477 annotavi,
881 3428 918 3470 ne
942 3408 1035 3471 eciam
1051 3407 1158 3492 aliquis
1174 3408 1203 3470 in
1219 3407 1313 3491 ipsam

148 3517 308 3582 eeclesiam
324 3517 553 3581 succedencium
565 3535 679 3579 manum
693 3514 881 3581 adulteriora
896 3516 1060 3579 extendere
1068 3515 1187 3588 debeat,
1204 3515 1320 3588 audeat,

148 3627 190 3689 rel
200 3632 366 3711 presumat,
383 3631 553 3709 presentem
566 3626 681 3689 literam
698 3625 757 3709 ipsi
774 3624 906 3688 ecclesie
918 3623 1156 3708 Newnburgensi
1168 3624 1319 3688 conscribi

32 3745 34 3804 J
150 3737 206 3799 leci
229 3743 260 3799 et
277 3757 344 3800 eam
359 3736 422 3800 mei
441 3735 541 3823 sipilli
554 3756 612 3799 neo
633 3756 696 3798 reon
718 3734 819 3822 sipilli
840 3733 994 3799 dictorum
1016 3734 1128 3799 eiciam
1144 3734 1185 3798 de
1204 3735 1320 3799 Neon-

32 3833 34 3860 '
149 3845 245 3933 burpu
259 3845 430 3909 munimine
446 3844 590 3912 roborari.
607 3843 713 3907 Datum
724 3843 921 3931 Nesonburpe
935 3845 1018 3906 Anno
1035 3841 1144 3908 domini
1160 3843 1211 3906 lu.
1223 3841 1319 3910 000⁰.

151 3954 247 4018 Sesto.
263 3954 313 4018 Vl.
330 3954 399 4018 ldus
420 3954 499 4019 Julii.
524 3954 563 4017 Et
584 3972 638 4016 nos
655 3952 692 4016 ad
715 3950 888 4016 ulteriorem
905 3952 1071 4016 firmitatem
1091 3951 1215 4015 eandem
1230 3970 1320 4033 rege·

32 4093 34 4108 ·
152 4066 237 4127 strari
253 4063 426 4127 mandamus
441 4062 560 4126 literam
576 4070 608 4126 et
630 4068 729 4126 nostro
746 4061 846 4146 sigillo
862 4062 981 4125 muniri.
997 4062 1072 4126 Dat.
1089 4061 1217 4127 Patavii
1237 4061 1319 4124 Anno

32 4163 34 4172 ’
153 4171 213 4235 bui.
231 4173 281 4240 lu.
299 4171 396 4236 CCC⁰.
415 4170 517 4236 Sexto.
534 4172 569 4235 V,
586 4172 651 4235 Kal.
664 4172 803 4254 Augusti.

236 4298 397 4338 essarrorum
413 4297 529 4337 Oleastron.
544 4297 579 4336 ΙΙΙ.
594 4297 630 4335 tol.
645 4297 679 4338 70.
694 4296 717 4336 b.
733 4296 772 4334 sari
787 4297 847 4349 orig,
864 4298 926 4347 serg.
942 4295 1065 4349 (Rapiat.
1084 4299 1117 4337 tir.
1133 4298 1153 4339 3.
1170 4298 1186 4338 t,
1201 4295 1263 4350 Ἀθ.)
1282 4293 1321 4335 uis

154 4369 306 4422 ‘immaniore
326 4370 421 4413 Urinnds
441 4370 508 4409 selbst
527 4368 554 4409 ist
573 4372 610 4408 aar
623 4371 743 4420 Pergameni
757 4369 821 4422 (llep.
837 4369 880 4409 Vct.
896 4372 919 4411 u.
936 4370 956 4409 3.
972 4370 1008 4410 iol.
1025 4369 1076 4423 2t9)
1092 4368 1321 4409 aerumnarum

154 4457 175 4484 ιι
188 4444 393 4498 Pergansautreiten
406 4443 511 4496 bingensis
525 4443 594 4494 birgsl
609 4441 629 4480 in
643 4443 723 4493 galbera
737 4444 818 4483 Woelas.
841 4445 882 4483 Dar
899 4450 954 4484 ersts
969 4442 1111 4497 (gebrechen)
1125 4443 1184 4482 stelit
1197 4442 1240 4482 eins
1250 4443 1321 4482 Stadi-

156 4530 218 4557 nsaer
230 4518 266 4557 rnit
280 4518 344 4559 einern
359 4518 428 4558 There
443 4518 487 4562 dar,
502 4516 590 4555 dsrtber
604 4514 649 4554 drei
659 4515 753 4562 rucene,
768 4528 805 4556 run
820 4518 883 4556 denen
898 4518 934 4557 der
949 4517 968 4556 in
982 4517 1019 4556 der
1028 4516 1087 4556 nius
1101 4517 1165 4556 biber
1179 4515 1320 4568 enpursteigt.

157 4592 270 4635 umnam:
286 4614 309 4623 -
321 4615 344 4622 -
357 4591 432 4632 siriam
446 4591 467 4630 in
480 4591 612 4642 Nennbnrgl.
628 4591 669 4630 sur
682 4590 726 4629 dem
741 4591 817 4630 andern
831 4590 935 4631 arroasiae
949 4589 981 4630 eia
995 4591 1063 4630 barnan
1077 4590 1113 4629 urit
1122 4589 1158 4629 rler
1168 4587 1242 4635 retes,
1256 4589 1322 4630 warin

158 4666 189 4705 das
201 4665 380 4709 missamissa.
396 4662 516 4707 Umrbrittr
532 4666 549 4717 †
564 4668 586 4708 8.
602 4665 666 4706 vlrici
681 4664 763 4706 i’lsbrrri
778 4665 950 4718 nrrnsmgmir.
