3242 5350
1259 501 1330 573 tut

138 676 289 740 innostra
306 678 463 742 constituti
474 677 634 763 presencia
645 675 781 760 legitime
797 680 1002 762 protestantes
1018 677 1188 742 deliberare
1200 677 1338 742 volentes

34 834 35 839 η
139 804 171 848 se
186 782 225 847 ad
242 792 365 868 partem
377 790 541 863 traxerunt,
556 785 643 850 nobis
654 786 734 871 quod
745 806 804 851 non
816 789 943 871 possent
954 786 984 849 in
996 806 1100 851 manus
1114 791 1233 851 nostras
1246 804 1339 871 super

34 888 36 919 ²
139 893 198 956 suis
214 893 463 959 dissensionibus
478 895 721 979 compromittere
737 894 868 958 finaliter
882 893 1115 979 responderunt,
1131 895 1338 979 supplicantes

140 1004 260 1073 abente
273 1008 308 1065 rt
319 1001 366 1065 eia
377 1001 508 1066 mandati
520 1003 624 1072 nostri,
640 1010 731 1087 prout
742 1006 844 1068 statim
855 1002 994 1075 fecimus,
1010 1004 1127 1086 copiam
1140 1003 1337 1076 traderemus,

34 1186 36 1201 .
140 1128 193 1192 qno
221 1109 349 1192 quidem
376 1112 516 1174 mandato
543 1130 600 1194 per
621 1129 674 1174 eos
695 1112 881 1198 tnnscripto
903 1111 1024 1193 quidam
1047 1131 1084 1174 ex
1106 1112 1167 1183 eis,
1189 1109 1336 1191 Magister

34 1212 36 1261 l
140 1216 288 1280 llartiuus
316 1222 348 1280 et
368 1218 501 1282 ,lacobus
523 1216 667 1283 videlicet
687 1239 742 1302 pro
758 1241 793 1284 se
810 1240 846 1284 ac
862 1221 925 1284 suis
942 1217 1138 1304 complicibus
1153 1218 1338 1302 supradictis

142 1322 345 1389 exhibuerunt
374 1326 520 1410 quandam
552 1324 691 1391 cedulam
723 1328 843 1391 nomine
875 1328 1103 1412 appellacioois,
1134 1327 1220 1390 cuius
1250 1332 1339 1389 tenor

143 1433 278 1517 seqnitur
308 1434 340 1496 in
368 1432 426 1498 trec
452 1433 560 1499 rerba:
584 1433 607 1497 Α
634 1432 721 1498 vobis
744 1435 967 1500 venerabilibus
995 1436 1024 1499 in
1052 1435 1173 1500 Christo
1201 1433 1339 1518 patribus

142 1542 239 1605 missis
270 1540 311 1604 ad
339 1542 546 1606 visitacionem
568 1543 600 1605 in
625 1547 729 1608 nostm
759 1543 944 1608 Monasterio
977 1542 1183 1608 sedendama
1212 1541 1337 1606 Domino

53 1696 60 1705 .
141 1648 275 1721 ilberto,
299 1648 487 1713 Pataviensis
508 1648 646 1713 Ecclesia
663 1650 826 1734 Episcopo,
850 1658 882 1716 et
898 1673 915 1716 a
930 1652 1057 1716 Domino
1073 1651 1237 1739 Stepbono
1259 1672 1336 1739 prc-

139 1759 240 1845 posito
255 1765 367 1822 nostro
382 1764 414 1821 et
428 1778 445 1820 a
462 1756 589 1821 [luminu
605 1758 794 1824 Percbtoldo
809 1760 940 1825 Decono
956 1767 1064 1825 nostro
1086 1765 1118 1823 et
1140 1757 1177 1822 ab
1199 1757 1336 1823 omnibus

141 1866 247 1947 restris
271 1863 401 1948 collegis
426 1885 480 1929 nos
496 1867 672 1929 rescientes
695 1866 827 1949 gravari,
850 1873 881 1931 et
906 1874 1048 1950 gravatos
1073 1887 1152 1939 esse,
1181 1866 1338 1951 hucusque

143 1974 240 2039 moltis
256 1971 493 2054 gravaminibus,
509 1992 568 2057 que
580 1974 754 2056 gravamina
767 1995 823 2039 suo
839 1979 975 2057 tempore
988 1993 1148 2059 possumus
1161 1980 1194 2039 et
1203 1974 1338 2039 uolumus

142 2081 270 2168 probare
282 2081 430 2161 legitimis
442 2081 629 2146 documentis
641 2082 679 2147 ab
693 2083 806 2147 eisdem
819 2081 1042 2164 gravaminibus
1055 2081 1147 2146 illatis
1167 2087 1198 2144 ct
1210 2081 1336 2145 commi-

35 2182 36 2209 *
139 2191 211 2254 natis
227 2194 260 2254 et
274 2191 471 2274 imposterum
487 2189 657 2255 inserendis
668 2189 704 2254 ad
721 2190 826 2255 sedern
839 2188 1035 2274 apostolicam
1047 2189 1231 2273 appellamus
1243 2191 1272 2252 in
1289 2188 1337 2253 his

145 2300 277 2384 scriptis,
294 2335 341 2347 -
356 2334 402 2345 -
418 2298 627 2362 Protestautes
650 2304 765 2372 tamen,
792 2297 968 2383 quodfacto
986 2295 1068 2361 Cena
1084 2297 1172 2361 nobis
1190 2296 1336 2382 quandam

36 2408 37 2451 l
143 2407 377 2493 appellaeionem
401 2405 506 2479 aliam,
529 2405 577 2469 cui
600 2404 751 2470 adherere
772 2406 986 2476 decreverant,
1015 2404 1264 2486 assignarent-
1281 2403 1338 2469 sub

37 2530 38 2545 ¹
143 2523 243 2580 tenore
271 2521 305 2578 et
332 2513 522 2580 continencia
547 2514 784 2597 infrascriptis,
808 2512 1279 2578 Coramvobislleuerabilibus
1306 2514 1337 2577 in

37 2638 38 2665 ¹
144 2625 259 2690 cbristo
277 2622 429 2707 patribus,
446 2621 589 2687 videlicet
604 2622 773 2697 Mauricio,
793 2621 1071 2689 recordareris
1093 2620 1212 2687 Sancte
1232 2621 1336 2686 Moris

38 2747 39 2826 f
144 2735 304 2800 Scotorum
320 2734 356 2797 io
373 2732 504 2796 Wieonu
519 2766 564 2777 —
580 2735 610 2794 cl
624 2732 779 2819 Magistro
795 2732 936 2798 Martiae
964 2731 1061 2796 Vraieo
1085 2731 1244 2796 Cononico
1262 2731 1336 2795 uzo·

38 2851 39 2898 1
143 2842 297 2908 moenaio
324 2841 469 2907 dorem
488 2877 532 2888 -—
554 2838 734 2923 ceterisque
762 2838 897 2920 Collegis
924 2858 978 2903 nos
1014 2840 1127 2902 Albero
1161 2839 1279 2903 Senior
1293 2874 1338 2885 —

39 2935 45 3008 l
144 2951 305 3016 Jobormea
322 2951 432 3016 Custos
447 2949 645 3014 dominorum
660 2947 1020 3012 eldomioorum——
1036 2946 1228 3030 presentibus
1245 2945 1339 3031 profi·

145 3064 235 3122 emor
251 3094 297 3106 —-
316 3093 357 3104 -
377 3056 456 3143 quod
475 3055 666 3142 (Stephanus
683 3053 878 3141 Propositus)
890 3059 1054 3120 convocato
1065 3052 1202 3139 Capitulo
1214 3053 1338 3118 brachio

40 3171 41 3174 ’
148 3166 283 3232 Seculari
299 3165 460 3251 raptiravit
476 3164 625 3228 domiuum
641 3163 794 3228 Decaoum
811 3182 878 3228 cum
894 3162 961 3227 aliis
978 3163 1074 3227 tribue
1090 3161 1254 3227 Canonicis
1270 3166 1341 3247 post

146 3275 381 3359 appetlacionern
398 3272 435 3337 ad
452 3273 662 3356 Dyoceeaoum
678 3278 813 3336 nostrum
829 3272 940 3337 iactam
957 3307 998 3319 -
1015 3270 1088 3334 ltem
1104 3272 1183 3359 quod
1200 3272 1338 3356 preposi-

146 3391 192 3448 tos
215 3388 319 3447 noster
344 3387 392 3447 est
413 3387 624 3463 transgressor
648 3379 842 3444 articulorum
867 3381 905 3444 ab
927 3380 1080 3464 Episcopo
1102 3384 1206 3443 nostro
1230 3379 1260 3443 in
1285 3399 1339 3443 suo

42 3517 43 3520 ¹
150 3494 340 3557 instrumento
358 3490 608 3573 conscriptorum,
626 3509 663 3552 ex
678 3488 786 3573 quibus
799 3487 937 3553 articulis
950 3490 1070 3572 poterat
1085 3487 1152 3570 ipso
1168 3488 1244 3558 iure,
1262 3487 1341 3552 sicut

43 3621 44 3632 ³
147 3598 184 3662 de
197 3600 273 3663 iacto
291 3599 433 3672 excessit,
450 3598 562 3683 privari
580 3600 768 3681 prepositura
786 3598 864 3659 omni
883 3594 1119 3661 contradictione
1131 3595 1234 3678 procul
1248 3601 1338 3667 mota,

150 3712 181 3770 el
200 3708 265 3791 quia
290 3707 458 3791 appellacio
484 3712 532 3769 est
555 3724 768 3788 oppressorum
793 3704 997 3776 sublevamen,
1025 3708 1055 3766 et
1084 3703 1120 3767 ad
1148 3704 1337 3787 presenciam

151 3815 259 3878 llomini
275 3814 419 3900 Episcopi
436 3813 472 3878 ad
486 3832 615 3896 presens
629 3813 776 3877 accedere
789 3833 846 3877 non
859 3812 991 3876 valemus
1010 3848 1050 3857 -
1064 3831 1080 3873 a
1093 3810 1220 3875 Domino
1235 3818 1336 3875 nostro

150 3921 297 4007 Stephano
313 3922 473 4005 Proposito
489 3924 521 3984 et
536 3941 552 3985 a
569 3919 696 3985 Domino
713 3918 898 3985 berchtoldo
915 3920 1036 3983 Decano
1053 3918 1211 4001 premissis
1227 3938 1338 4000 grava·

151 4031 271 4094 minibus
288 4030 374 4094 nobis
390 4029 482 4092 illatis
499 4035 530 4091 et
545 4030 748 4100 comminatis,
766 4033 796 4092 et
821 4029 851 4092 in
872 4032 1026 4112 posterum
1043 4024 1210 4090 inserendis
1232 4026 1262 4090 in
1279 4026 1338 4109 hijs

35 4209 39 4212 ,
153 4138 265 4221 scriptis
286 4137 446 4201 adsedem
468 4135 664 4221 apostolicam
685 4136 872 4221 appellamus
893 4173 937 4184 -
953 4173 997 4184 ·-
1012 4135 1192 4217 Interposita
1216 4139 1264 4198 est
1280 4134 1337 4199 bec

47 4269 56 4314 ¹.
154 4246 309 4328 appellacio
325 4248 409 4309 Anno
426 4242 545 4307 Domini
558 4243 600 4306 M⁰
613 4244 699 4309 000·
716 4245 861 4310 vicesimo
877 4244 983 4315 tercio,
1002 4244 1030 4305 in
1045 4241 1193 4306 divisione
1205 4243 1336 4326 Aposto-

48 4319 54 4422 l

49 4467 56 4524 l

50 4537 56 4622 l

153 4351 238 4416 lorum
253 4355 281 4416 in
295 4353 468 4417 Retestorio
481 4389 524 4399 —
537 4350 601 4432 Qua
617 4354 736 4438 quidem
754 4351 962 4436 appellacione
978 4369 1078 4414 coram
1096 4350 1185 4413 nobis
1201 4350 1337 4434 perlecta

154 4495 192 4507 -
209 4461 322 4528 Virieus
336 4461 377 4526 sle
391 4468 503 4527 sancto
515 4462 666 4538 Martios,
678 4463 826 4536 Jocodus,
843 4459 1000 4548 Magister
1010 4458 1180 4529 Martinus,
1196 4456 1338 4541 Sifridue

156 4569 250 4632 eodem
276 4570 336 4646 die,
361 4570 539 4635 lecbenss
564 4575 673 4642 autem,
701 4568 926 4635 sansonesca
950 4568 1063 4641 Tolosa,
1089 4564 1277 4631 Clunruaius
1300 4566 1340 4630 de

160 4676 284 4747 ΨΜ
305 4678 491 4748 Rudaeioca,
517 4679 677 4744 Martinus
699 4677 856 4743 Sideribus
878 4674 985 4739 diebus
1002 4673 1198 4757 sequentibus
1216 4672 1334 4753 fugitivi
