3242 5350
241 490 292 561 26

238 681 350 745 dictum
366 680 532 764 pomerium
562 682 593 744 in
616 681 701 744 noris
724 678 963 764 plantacionibus
985 678 1125 742 arborum
1147 678 1184 743 ad
1213 681 1437 743 estimacionem

237 790 269 853 tx
286 788 492 859 denariorum,
518 789 559 852 ita
578 789 657 871 quod
674 788 832 853 evidenter
844 793 1005 871 appareat,
1024 786 1133 851 debeat
1154 789 1329 851 reformare.
1352 788 1441 869 Quod

240 897 267 960 εἰ
284 918 342 960 non
360 896 484 970 fecerit,
508 897 609 960 statim
626 917 643 962 a
658 897 734 962 June
751 918 805 961 sno
823 895 913 960 cadet
936 900 967 959 et
982 897 1148 979 pomerium
1164 897 1201 960 ad
1218 917 1289 959 rsus
1303 896 1438 960 ecclesie

243 1010 424 1068 revertetur.

330 1113 422 1175 Facta
447 1118 496 1178 θεῖ
517 1112 576 1178 hec
599 1114 715 1178 locucio
739 1114 822 1177 Anno
848 1113 966 1177 Domini
990 1111 1251 1177 M⁰CC⁰LXXV1L
1268 1111 1367 1195 pridie
1393 1109 1439 1174 ΚΙ.

244 1220 396 1285 Octobris.

892 1399 894 1401 ‚
982 1346 1024 1385 Λιε
1038 1344 1083 1384 deun
1097 1345 1175 1386 utum
1189 1357 1234 1384 rom
1248 1345 1311 1384 dabre
1327 1342 1387 1384 1404.

788 1498 898 1567 XXXI.

244 1636 306 1691 Dat
327 1634 404 1707 scin
420 1635 585 1709 vorpccdtct
611 1635 674 1689 dem
698 1632 807 1688 Mutllcr
829 1632 949 1687 Bertold
975 1634 1023 1689 cin
1046 1633 1126 1688 Hauc
1149 1633 1211 1689 und
1235 1635 1319 1689 einen
1336 1634 1445 1687 Bauno-

625 1729 730 1797 pcrten
750 1743 787 1780 nn
809 1724 1064 1797 Kloctcrneutnrp.

680 1835 740 1889 Dat.
758 1834 785 1889 d.
799 1835 917 1890 October
930 1834 1010 1889 1277.

336 1945 503 2010 Notandum
517 1950 563 2009 θεῖ
576 1951 606 2011 et
617 1947 763 2010 memorie
778 1946 1026 2020 comendandum,
1043 1948 1123 2031 quod
1140 1947 1310 2013 Pernaco
1325 1949 1445 2012 molen·

245 2055 390 2120 dinutcrn'
409 2061 440 2118 ct
454 2056 540 2117 uxori
564 2074 620 2117 oue
641 2064 674 2118 et
689 2053 793 2117 liberis
804 2055 980 2118 eorundem
998 2054 1093 2119 iocata
1111 2062 1159 2119 θεῖ
1174 2056 1284 2121 domate
1305 2057 1448 2121 Niwarii

247 2185 317 2229 eom
330 2164 475 2249 porcario
491 2162 655 2229 adiacenti
674 2184 691 2227 a
707 2162 785 2226 teoto
802 2161 979 2226 idichahelia
1002 2164 1147 2246 preterito
1164 2184 1260 2250 nsque
1284 2164 1321 2228 ad
1337 2164 1445 2229 decem

247 2292 351 2343 annos,
368 2273 408 2335 ita
425 2276 456 2336 vt
471 2272 599 2352 singulis
616 2271 701 2335 annia
717 2270 754 2333 ed
771 2269 931 2355 coquinam
950 2277 1083 2335 nostram
1099 2290 1154 2356 pro
1175 2272 1345 2338 huiusmodi
1362 2274 1445 2337 ioca·

246 2382 334 2446 ciono
346 2384 473 2463 quatuor
487 2379 581 2443 libras
598 2380 788 2443 denariorum
803 2378 919 2442 duobus
934 2379 1082 2452 terminis,
1099 2381 1130 2443 in
1150 2379 1320 2445 Vasehanio
1336 2381 1447 2445 rideli-

247 2493 297 2553 cet
312 2487 386 2552 duas
402 2487 494 2552 libras
510 2494 542 2551 et
559 2489 591 2551 in
606 2488 687 2552 festo
705 2508 731 2550 ε.
749 2487 873 2568 Georgii
890 2488 963 2550 duas
980 2488 1072 2552 libras
1089 2490 1206 2553 servire
1223 2490 1342 2553 nomine
1364 2510 1442 2556 con-

246 2619 298 2662 sus
315 2598 401 2660 annin
417 2597 545 2680 singuiis
561 2602 710 2661 teneatur.
731 2597 858 2681 Insuper
873 2598 990 2662 dictam
1005 2599 1129 2662 dornonn
1145 2598 1316 2663 emendare
1338 2607 1369 2663 et
1385 2620 1446 2687 po·

246 2708 379 2773 merium
393 2707 484 2772 nocio
495 2707 755 2795 plantacionidne
771 2708 920 2771 arboreum
936 2709 1113 2790 reformare
1128 2707 1173 2772 nd
1187 2707 1352 2773 concitionn
1368 2708 1448 2772 dno·

249 2816 475 2882 runcinarum
496 2839 517 2881 a
531 2821 626 2901 purte
647 2821 757 2879 noenu
780 2816 954 2879 electorum
964 2815 1121 2880 tentabitur
1136 2816 1315 2888 annuatim,
1340 2816 1450 2900 quodsi

248 2926 315 3009 ipse
331 2923 390 2988 hoc
406 2942 464 2986 non
482 2924 605 2995 fecerit,
630 2924 770 2986 continuo
790 2942 806 2984 a
823 2943 878 2986 sno
894 2923 961 2986 iure
984 2923 1073 2987 cadet
1098 2929 1140 2986 et·
1152 2925 1248 2989 eciam
1272 2945 1306 2988 se
1324 2925 1363 2989 de
1387 2925 1450 2990 hiis

251 3032 388 3096 omnibus
399 3032 584 3095 intromittet.
598 3030 761 3096 Sciendum
775 3035 816 3101 et,
828 3031 919 3119 quod,
932 3031 959 3094 si
971 3029 1051 3093 idom
1064 3052 1118 3114 pre
1131 3037 1306 3116 paupertate
1319 3034 1450 3116 depres-

252 3163 304 3204 sus
320 3141 367 3203 rel
385 3141 547 3204 infortunio
566 3140 664 3222 aliquo
685 3144 906 3222 preoccupatus
922 3137 1089 3223 predictum
1113 3160 1237 3205 censum
1254 3141 1374 3205 solvere
1390 3161 1450 3205 non

254 3250 386 3321 valeret,
408 3250 594 3332 facultatem
617 3246 682 3334 ipat
704 3247 865 3317 dedimiae,
889 3248 939 3312 inc
962 3249 1047 3334 qnod
1065 3233 1138 3334 *ipsc
1160 3271 1182 3313 a
1204 3250 1293 3314 nodie
1316 3250 1453 3315 obtinuit

252 3359 353 3424 alicui
367 3358 436 3422 viro
448 3358 540 3442 fideli
554 3364 586 3421 ct
595 3356 767 3442 adspicienti
777 3358 902 3421 colocrc
916 3357 1033 3421 nicom
1049 3377 1174 3422 aeneum
1189 3380 1287 3444 aeque
1303 3359 1348 3423 cd
1361 3380 1453 3422 annm

253 3468 420 3544 terminum
432 3467 599 3531 collocare.
613 3464 705 3528 Facta
719 3467 767 3527 θεῖ
779 3464 837 3528 hec
848 3463 965 3528 locacio
973 3464 1056 3528 Anno
1069 3465 1180 3529 domini
1188 3465 1228 3528 Μ.
1238 3464 1299 3529 (10⁰
1308 3465 1451 3530 XXLVll.

254 3576 353 3660 pridie
367 3574 462 3639 Nonis
480 3572 633 3637 Octobris.

254 3850 370 3923 aanor
387 3848 480 3914 neuun,
499 3849 613 3904 wama
624 3848 743 3918 napo,
761 3848 875 3903 sumn
887 3847 951 3902 uem
968 3847 1058 3919 sane
1076 3849 1159 3905 einen
1178 3827 1273 3905 mean-
1294 3850 1354 3905 unu
1366 3852 1456 3924 rnn-

661 3937 825 4008 ninpdienet
842 3956 880 3993 nn
901 3938 1049 4008 Grinzr'ny.

644 4047 705 4101 Dat.
724 4064 745 4101 ε.
765 4046 783 4100 l.
801 4047 830 4101 7.
850 4047 969 4101 Febrnar
988 4046 1067 4101 1281.

347 4141 399 4212 Ea,
410 4160 468 4225 que
477 4140 661 4219 gerunturin
669 4144 815 4222 tempore,
825 4137 1310 4223 neperoblirionemtranseantin
1319 4160 1455 4204 errorem

256 4249 378 4333 expedit
393 4253 425 4310 vt
437 4247 546 4311 titerali
563 4249 752 4311 sententium
769 4248 913 4311 memorie
929 4246 1185 4320 commendentur,
1201 4247 1272 4310 hinc
1294 4253 1357 4319 est,
1374 4249 1456 4331 quod

257 4379 315 4442 ego
331 4357 471 4441 Sifriduc
486 4356 590 4420 dictae
605 4356 723 4420 Ιιθιιὸθῖ
741 4357 822 4422 civia
843 4357 1037 4422 chnncnoie
1053 4356 1134 4419 scire
1157 4357 1244 4440 cupio
1261 4358 1455 4440 presencium

258 4466 408 4550 quoslibet
420 4468 621 4549 inspectores,
634 4463 712 4548 quod
726 4463 765 4527 de
777 4484 927 4528 consensu
940 4470 971 4527 et
986 4463 1063 4528 bona
1076 4464 1227 4527 voluntate
1237 4466 1459 4529 Jeuteueoria

259 4598 327 4641 mec
354 4596 389 4641 ac
412 4576 550 4639 ommium
567 4572 712 4637 heredum
735 4591 870 4638 meorum
892 4582 957 4638 trec
975 4595 1071 4638 ornae
1092 4574 1161 4637 nini
1175 4581 1207 4636 ct
1222 4579 1287 4636 trec
1307 4574 1460 4639 ἅθηανὶοε

259 4686 389 4754 racione
399 4682 599 4775 purclrrccht
613 4682 748 4771 oinpotie
757 4683 851 4746 annis
865 4704 964 4769 cuper
978 4682 1072 4747 vinea
1086 4682 1150 4747 cito
1165 4682 1253 4748 circo
1267 4681 1460 4773 Grincninpe
