3242 5350
1246 481 1319 555 tut

130 667 254 748 guineos
271 668 325 727 aut
341 665 370 727 in
386 664 538 727 civitatem
555 663 690 733 vicinam,
708 664 894 747 inquantum
912 660 1089 726 exorbitata
1107 665 1326 730 constitucione

131 773 275 836 Bonifacii
294 772 377 854 Pape
395 771 459 835 Vlll
474 770 547 835 tollo
565 775 595 832 et
611 790 732 841 revoco,
749 790 815 833 curn
828 770 879 834 isti
894 775 964 853 post
978 768 1058 833 illam
1076 793 1132 835 non
1149 774 1281 854 potuerit
1296 775 1332 837 in

132 881 290 964 aliquando
309 881 461 959 derogari.
475 881 620 943 Preterea
637 877 861 950 diffinicionem,
878 899 934 962 qua
947 878 1124 943 conceditur
1137 880 1327 953 lllonialibus,

133 996 162 1052 ut
183 989 293 1059 libros,
317 990 431 1073 cyphos
450 993 480 1050 et
500 1008 570 1051 rasa
594 985 651 1049 alia
673 994 704 1050 et
723 985 843 1057 localia,
868 1007 927 1070 que
949 988 1013 1051 suis
1030 988 1165 1052 manibus
1182 996 1281 1062 suunt,
1298 991 1327 1053 in

133 1099 187 1159 rita
204 1103 237 1163 et
253 1099 284 1158 in
304 1102 401 1160 rnorte
416 1095 560 1160 tratribus
577 1100 608 1159 et
624 1094 778 1157 sororibus
794 1100 825 1157 et
841 1095 909 1157 aliis
925 1093 1162 1182 quibuscumque
1184 1118 1243 1161 non
1260 1119 1329 1161 sus·

134 1204 229 1288 pectis
240 1206 381 1288 personis
394 1224 449 1287 pro
462 1205 625 1267 animarum
638 1223 757 1267 suarum
771 1202 905 1265 remedio
921 1209 951 1266 et
962 1204 1035 1267 alias
1048 1225 1101 1288 pro
1113 1206 1177 1269 suis
1194 1206 1331 1269 necessi·

135 1312 244 1375 tatibus
271 1311 398 1382 habere,
426 1312 550 1382 donare,
578 1310 682 1393 legare
704 1310 821 1373 valeant
842 1309 937 1373 libere
959 1310 1007 1375 rel
1032 1314 1139 1376 testari
1160 1333 1214 1396 pro
1243 1313 1329 1378 libitu

136 1418 314 1490 voluntatis,
331 1420 388 1483 iuri
406 1419 554 1483 communi
570 1423 689 1482 constat
705 1438 774 1480 esse
791 1419 981 1490 contrarium,
1004 1426 1036 1482 et
1052 1420 1167 1502 Regule
1184 1443 1209 1484 s.
1225 1423 1331 1503 dugu-

138 1529 206 1591 stiui
228 1532 461 1610 repugnantem,
486 1548 544 1612 que
571 1527 685 1607 Regula
710 1525 800 1588 dicit:
824 1525 929 1590 Nullus
954 1527 1011 1591 sibi
1038 1526 1148 1612 aliquid
1178 1536 1331 1613 operetur,

139 1635 192 1698 sed
208 1637 308 1698 omnia
325 1642 428 1698 uestra
444 1638 473 1698 in
491 1654 647 1697 commune
670 1632 743 1696 liant
759 1634 862 1696 maiori
879 1634 977 1698 studio
995 1641 1025 1698 et
1048 1637 1250 1720 frequenciori
1268 1636 1332 1699 ala·

140 1745 257 1814 oritate,
271 1732 363 1829 ¹quarn
381 1744 407 1806 si
423 1742 508 1805 vobis
526 1740 637 1822 singuli
654 1743 776 1825 propria
797 1743 950 1805 faceretis.
976 1741 1060 1805 Vnde
1077 1764 1188 1807 revoco
1206 1751 1237 1807 et
1253 1749 1332 1807 tota·

141 1852 208 1915 liter
224 1872 289 1914 eam
307 1851 391 1915 tollo.
410 1850 454 1914 nd
471 1850 697 1915 observaneiam
714 1850 805 1931 igitur
821 1849 949 1912 omnium
966 1855 998 1913 et
1013 1851 1210 1934 singulorum,
1227 1840 1285 1936 que
1302 1853 1332 1915 in

142 1961 296 2043 premissis
309 1960 447 2023 revocavi
464 1962 495 2022 el
510 1958 629 2028 sustuli,
646 1957 787 2028 decerno,
801 1956 950 2021 denuncio
965 1962 996 2020 et
1012 1960 1237 2024 sentencialiter
1251 1959 1333 2023 disfi-

143 2070 188 2130 nio
204 2070 232 2131 in
250 2067 310 2130 hiis
326 2069 459 2150 seriptis,
475 2067 642 2150 sepefatum
660 2068 843 2148 prepositum
861 2066 987 2148 amplius
1005 2088 1061 2131 non
1079 2069 1186 2139 teneri,
1203 2074 1234 2132 et
1250 2069 1334 2131 reni·

145 2177 215 2240 endo
240 2181 345 2239 contra
361 2181 501 2238 reuocata
517 2173 565 2237 rel
582 2195 640 2237 non
657 2179 795 2238 revocata
814 2194 920 2257 penam
937 2175 1055 2237 minime
1072 2175 1206 2240 incidere
1222 2197 1334 2259 preno-

144 2292 241 2347 tatam.
274 2284 308 2346 ln
324 2303 448 2367 quorum
469 2283 671 2346 testimonium
696 2287 727 2345 et
753 2282 965 2345 certitudinem
987 2283 1153 2366 pleniorem
1176 2290 1334 2367 presentes

145 2392 276 2455 mandari
294 2390 403 2454 confici
418 2392 546 2463 litteras,
563 2396 593 2453 et
609 2392 638 2454 in
654 2389 802 2474 publicam
819 2390 943 2454 turmam
960 2391 1058 2474 redigi
1074 2412 1128 2475 per
1145 2391 1333 2457 Chvnradum

145 2501 287 2563 notarium
312 2501 387 2562 inlra
409 2500 564 2581 scripturn,
590 2518 717 2581 meoque
739 2499 838 2580 sigillo
863 2498 1014 2581 pendente
1031 2500 1213 2581 consignari.
1229 2503 1334 2563 Actum

148 2614 176 2672 et
191 2609 298 2672 [latum
315 2610 344 2671 in
362 2605 476 2691 prelata
493 2607 631 2670 Ecclesia
648 2605 815 2687 Collegiata
833 2628 909 2670 annu
927 2613 957 2670 et
973 2608 1032 2680 die,
1049 2607 1158 2692 quibus
1174 2629 1273 2692 supra.

232 2718 270 2780 Et
287 2737 345 2799 ego
363 2716 563 2790 Charmadas,
588 2699 743 2802 quondum
758 2717 873 2781 Jacooi
885 2717 926 2780 de
947 2717 1138 2781 Sclucnnono
1160 2717 1337 2780 Tridentinc

148 2825 284 2907 dyocesis
302 2823 473 2908 Apostolica
490 2830 521 2886 et
536 2822 687 2905 Imperiali
703 2823 879 2887 auctoritate
896 2823 1037 2888 Notarius
1053 2824 1190 2908 publicus
1207 2833 1267 2889 etc.

234 2949 294 2999 orig.
314 2949 377 2999 rerg.
401 2946 466 3002 (llcp.
480 2948 523 2986 let.
545 2950 582 2989 dtr.
595 2949 628 2987 to.
643 2949 681 2988 tol.
700 2948 747 3002 88.)
762 2950 791 2988 An
807 2949 864 2988 einer
878 2949 1043 2990 vellemannes
1058 2950 1209 2990 seiromaste
1224 2950 1287 3002 uirga
1301 2950 1337 2989 dus

149 3022 213 3062 lleine
234 3022 299 3060 rande
319 3020 389 3071 siegrl
410 3019 430 3058 in
449 3020 529 3059 rothen
549 3020 631 3060 Wnclii.
653 3021 695 3059 Der
717 3021 818 3060 nonum
839 3021 889 3060 uitat
907 3020 944 3060 nit
962 3022 1006 3061 dem
1028 3022 1101 3062 rum
1121 3022 1227 3062 betleldet
1247 3023 1286 3061 nod
1302 3022 1338 3061 dn

149 3097 216 3135 Barett
235 3097 272 3133 aur
289 3095 334 3133 dem
348 3095 428 3143 llanpte
442 3106 467 3132 nn
481 3094 545 3132 ciuem
566 3093 641 3133 Tinctus
662 3094 713 3133 oder
731 3095 799 3140 l’nltc,
819 3093 839 3132 in
853 3094 918 3134 ciuem
942 3096 1127 3146 nnlgesclrlngenen
1143 3096 1211 3135 oreae
1226 3095 1337 3136 blitternd.

150 3168 270 3209 cusentin:
285 3166 302 3212 †
315 3168 329 3205 8
341 3166 490 3207 ‚uoluuntur
502 3195 507 3207 .
518 3165 650 3205 DOC'l'OlllS
662 3194 669 3207 .
679 3164 859 3207 oacnuuottun
870 3195 876 3208 .
888 3167 937 3206 CAN
948 3193 953 3205 .
966 3168 1023 3207 ΡΛΤ.

235 3257 298 3311 Dies
310 3257 343 3310 ist
356 3257 399 3309 die
414 3258 483 3309 crete
495 3255 623 3309 stiltliclte
633 3231 826 3318 Urlrundesnul
837 3255 951 3310 welcher
964 3258 1005 3311 ein
1014 3256 1255 3312 Notarialsaeichen
1270 3257 1337 3330 (und

152 3366 215 3403 znar
227 3348 270 3403 die
284 3347 565 3417 nutangsuuehstaoen
579 3348 627 3401 des
639 3347 752 3401 Nameus
766 3347 835 3418 CH.)
854 3349 1006 3402 rorlommt.

685 3581 821 3661 ccvu.

158 3727 239 3800 Pcpst
255 3728 373 3783 dodana
393 3725 490 3781 XXII.
511 3725 643 3795 bercillipt
660 3724 723 3779 dem
743 3724 865 3796 Propste
885 3726 1015 3799 Stephon
1029 3743 1117 3795 pepon
1141 3728 1341 3799 Verpedunpen

158 3819 245 3873 ennea·
260 3816 468 3886 Litterpetcnen
481 3815 717 3872 strennuissime
736 3818 796 3889 auf
810 3817 874 3871 eine
891 3817 1044 3887 einpelcpte
1058 3820 1215 3892 popelliclle
1233 3820 1341 3894 Appel-

581 3907 674 3963 lation
686 3906 917 3963 einzmcmeitem

491 4037 494 4044 ·
540 4016 599 4072 ost.
618 4015 739 4084 Arignun
752 4016 778 4072 5.
790 4015 851 4073 Juni
872 4019 951 4074 1324.

241 4129 403 4194 lohannes
414 4127 590 4214 epiecopus,
602 4149 710 4192 servam
721 4135 882 4192 acroenum
893 4129 964 4193 Dei.
977 4130 1095 4193 Dilecto
1107 4128 1167 4192 lilio
1179 4130 1341 4216 Stephano

162 4240 314 4324 preposito
342 4236 592 4322 Ncwnburpcnai
605 4272 650 4282 -
671 4236 796 4300 salutem
819 4245 849 4300 et
872 4237 1066 4320 apostolicam
1091 4238 1341 4303 benedictionem.

165 4344 203 4407 Er
221 4353 301 4429 parte
323 4351 373 4409 tun
395 4345 451 4409 luit
473 4344 658 4428 propositum
675 4364 777 4408 coram
794 4344 891 4416 nobis,
908 4344 987 4429 quud
1004 4347 1136 4410 nonnulli
1153 4346 1296 4413 Canonici
1312 4355 1343 4410 et

166 4453 296 4518 Conversi
319 4455 491 4518 monasterii
512 4455 555 4517 tui
572 4455 762 4539 frequenter,
780 4474 817 4518 ne
834 4455 871 4517 ad
888 4473 990 4519 eorum
1005 4456 1239 4526 correccionem,
1256 4462 1344 4538 prout

167 4561 199 4624 ad
212 4571 288 4627 tuum
304 4566 423 4646 spectat
438 4561 586 4635 officium,
610 4563 775 4644 procedere
793 4563 906 4637 valeas,
922 4565 1113 4628 frustratorie
1129 4564 1345 4649 appellacionis

168 4671 336 4736 obstaculum
360 4673 568 4752 interponunt,
592 4671 699 4755 sicque
721 4677 752 4735 te
769 4680 893 4756 propter
909 4672 964 4736 hoc
980 4674 1017 4737 ab
1033 4674 1203 4739 huiusmodi
1219 4695 1345 4739 correc-
