3242 5350
315 471 393 546 456

313 649 417 714 orbato
434 649 629 714 existentibus
645 653 692 713 est
707 647 871 713 formaliter
888 647 1038 722 derivata,
1063 647 1137 714 Cum
1160 648 1223 731 ipsa
1246 647 1331 712 enoia
1355 646 1488 711 modona·

311 758 382 823 bilia
405 756 492 822 aliter
516 757 623 822 durare
647 776 705 820 nnn
728 761 851 842 queant,
884 755 941 820 nisi
962 775 1108 822 converso
1131 756 1217 820 modo
1241 756 1368 820 refluant
1389 774 1486 827 cause,

311 889 369 955 que
386 867 469 933 dedit
484 888 564 939 esse,
580 873 704 951 propter
720 864 798 952 quod
815 868 881 950 ipse
897 865 1038 952 splendor
1054 867 1150 931 eterni
1166 866 1283 931 luminis
1300 865 1397 929 lumen
1415 864 1489 928 indit

311 976 492 1049 delumine,
510 984 540 1041 et
556 977 702 1041 mentibus
719 975 869 1040 hominum
885 982 986 1040 mutue
1002 976 1137 1041 karitatis
1153 975 1316 1047 uinculum,
1341 980 1374 1038 ut
1395 994 1412 1036 n
1435 993 1486 1037 suo

309 1089 393 1152 fonte
409 1106 467 1152 non
483 1086 661 1152 recederent
682 1087 846 1150 clementer
871 1085 1054 1152 clemencius
1069 1087 1241 1170 inspiravit,
1264 1085 1303 1149 ut
1323 1103 1390 1149 cum
1415 1103 1487 1167 qne·

308 1196 383 1262 libet
407 1197 502 1261 uirtus
524 1198 605 1261 unita
629 1196 739 1260 foroior
761 1197 800 1260 sit
824 1216 857 1260 se
878 1197 944 1279 ipso
968 1194 1120 1280 dispersa,
1142 1195 1185 1258 Ea
1201 1199 1327 1279 propter
1341 1199 1444 1276 patres
1459 1199 1488 1256 et

311 1305 422 1371 domini
439 1304 542 1370 dilecti
558 1308 665 1370 vestris
683 1303 880 1389 peticionibus
903 1306 1037 1370 inclinati
1060 1304 1098 1369 ob
1120 1305 1278 1369 senriorem
1300 1303 1367 1388 spei
1387 1307 1488 1365 nostre

309 1416 511 1481 elevacionem
550 1435 585 1480 ao
628 1416 838 1479 munimentum
877 1413 1030 1498 singulare
1068 1435 1134 1479 cum
1171 1413 1279 1477 fiducia
1309 1412 1487 1476 dileccionis

309 1534 415 1589 eterne
437 1531 555 1590 nostras
577 1529 733 1608 presentes
758 1524 1010 1589 confraternitatis
1031 1524 1162 1595 litteras,
1191 1529 1223 1586 ut
1246 1528 1383 1586 tenemus
1407 1521 1487 1584 flexis

307 1633 435 1716 genibus
452 1633 568 1699 deuotis
585 1653 650 1698 cum
667 1632 855 1697 oracionibus
875 1633 993 1697 karitati
1010 1639 1109 1697 vestre
1124 1631 1349 1695 transmittimus
1367 1635 1487 1693 nostro-

307 1763 372 1805 rum
400 1741 567 1826 sigillorum
593 1743 753 1806 munimine
776 1740 947 1815 roboratos,
971 1743 1022 1807 Sic
1043 1741 1186 1827 peticioni
1208 1747 1310 1806 vestre
1334 1759 1371 1803 ex
1388 1736 1488 1803 debito

307 1856 472 1916 annuentes
496 1852 583 1916 uobis
605 1849 741 1915 omnibus
771 1856 801 1915 et
825 1854 933 1917 uestris
955 1850 1183 1916 successoribus
1210 1853 1357 1935 perpetue
1381 1848 1412 1912 in
1428 1847 1486 1911 biis

307 1963 428 2047 scriptis
445 1960 634 2027 concedimus
650 1960 766 2046 plenam
782 1963 1045 2047 participacionem
1061 1962 1190 2026 omnium
1206 1963 1395 2035 oracionum,
1412 1958 1485 2023 biis-

308 2091 422 2143 sarum,
444 2070 629 2155 dejuniorum
654 2070 841 2152 uigiliarum,
858 2079 1085 2156 ceterorumque
1101 2070 1262 2142 bonorum,
1286 2090 1347 2156 que
1362 2089 1419 2153 per
1434 2087 1486 2132 nos

306 2187 336 2245 et
351 2186 487 2265 posteros
504 2186 622 2245 nostros
638 2182 790 2265 perpetuis
807 2179 1017 2264 duraturisque
1033 2179 1215 2266 temporibus
1232 2177 1406 2264 operabitur
1423 2176 1485 2243 cie-

306 2290 422 2355 mencia
449 2289 623 2363 saluatoris,
659 2288 783 2375 insuper
809 2292 986 2375 prescriptis
1014 2292 1206 2365 adiicientes,
1230 2295 1262 2353 vt
1292 2308 1359 2354 cum
1388 2287 1483 2352 obitus

304 2399 468 2482 cuiuspiam
491 2418 527 2461 ex
547 2396 633 2461 vobis
655 2400 685 2462 in
708 2402 810 2462 nostro
835 2399 964 2484 capituto
981 2398 1070 2464 fuerit
1085 2399 1250 2471 revelatus,
1275 2397 1374 2462 animo
1389 2397 1483 2481 ipsios

303 2506 434 2572 debitum
447 2507 579 2572 inritatis
590 2506 720 2572 officium
732 2507 938 2593 inpendemus.
956 2509 987 2573 in
1004 2511 1088 2574 cuius
1104 2511 1148 2572 rei
1164 2507 1369 2572 testimonium
1385 2510 1483 2570 nostra
1594 2589 1595 2600 ἵ

303 2615 403 2700 sigilla
435 2614 624 2700 presentibus
656 2621 724 2682 suot
756 2636 897 2704 appensa.
932 2616 1039 2684 Datum
1071 2618 1153 2682 Anno
1181 2616 1292 2682 domini
1319 2613 1367 2678 Mt
1395 2612 1483 2679 000⁰
1594 2617 1595 2638 ¹

303 2723 428 2788 uxxtu
446 2724 476 2787 ln
494 2725 542 2789 die
558 2727 655 2792 sancti
670 2726 800 2793 siluestri
818 2748 904 2813 pape.

392 2849 449 2899 orig.
460 2849 521 2900 Perg.
532 2851 584 2891 zuei
595 2851 699 2903 tingendo
708 2852 777 2904 uirgo!
786 2853 806 2891 ir
816 2856 899 2903 gedam
908 2852 993 2892 Wsobrs
1003 2863 1026 2890 on
1036 2851 1171 2902 prbr-bina
1180 2850 1359 2891 seinana-sm.
1371 2851 1412 2892 Dar
1422 2856 1481 2897 erote.

302 2923 337 2961 der
355 2923 446 2972 eropon.
460 2922 487 2962 ist
496 2922 572 2974 obiong
586 2925 624 2963 rrd
635 2926 712 2965 entbitt
722 2926 754 2966 die
764 2926 813 2965 boii.
824 2926 923 2977 sugne-
934 2932 992 2966 rntcr
1002 2924 1066 2966 siren
1076 2924 1196 2975 gothischer
1206 2924 1289 2975 bomo,
1304 2923 1339 2963 dor
1350 2923 1448 2964 Jesrkird
1461 2923 1480 2962 ir

303 2995 339 3036 der
355 2996 420 3035 linter
440 2996 502 3036 und.
518 2997 618 3037 Durorter
636 2997 691 3037 bersa
710 2998 746 3038 der
768 2998 867 3039 turisendo
887 2998 1000 3038 Karoniksr
1020 2997 1055 3036 mit
1072 2996 1218 3036 einemTrirre
1233 2996 1478 3037 britannodunum:

302 3068 316 3106 8
328 3094 334 3106 .
345 3051 447 3107 ΟΗῙΗΦΙ
459 3095 464 3106 .
475 3066 549 3108 Proin
560 3096 565 3108 .
577 3069 724 3112 NOVEOELEN
737 3070 976 3110 .z.nucutumcottt
988 3097 993 3108 .
1005 3070 1085 3110 PVST.
1104 3070 1145 3109 un
1166 3068 1246 3115 turrito,
1262 3069 1296 3109 das
1311 3069 1479 3120 Capitol-Singa,

303 3139 358 3192 netgo
372 3140 405 3180 dis
419 3140 468 3180 bril.
479 3141 576 3192 raugam
591 3143 628 3180 nt
640 3141 703 3181 einen
717 3141 796 3182 Poirtcr
805 3141 896 3189 eiusad,
907 3142 944 3181 und
956 3142 990 3182 nit
1000 3141 1072 3182 beiden
1082 3141 1161 3181 tiinden
1171 3142 1206 3180 un
1215 3141 1266 3180 [ind
1276 3142 1365 3182 tutuno.
1381 3142 1395 3181 8
1407 3169 1413 3181 .
1423 3142 1472 3182 ΑΒ.

301 3211 409 3253 ouncms
421 3239 427 3251 .
439 3212 536 3253 suum
547 3240 554 3252 .
565 3214 644 3255 renum
656 3241 662 3253 .
673 3216 696 3254 [N
708 3242 713 3253 .
724 3214 880 3256 doracenus.

389 3405 466 3460 turb.
478 3406 520 3460 12.
531 3405 654 3459 Februar.
667 3404 754 3478 Preyd
767 3423 815 3459 von
828 3402 979 3467 Ebersdori,
993 3402 1177 3458 Oblostorfrow
1190 3402 1242 3457 oud
1254 3402 1297 3457 dio
1308 3403 1367 3458 usit
1382 3404 1479 3476 Oblay·

298 3497 448 3551 meisterinn
461 3495 486 3550 in
500 3495 556 3549 dem
571 3495 791 3551 vrowonebiostor
803 3512 833 3549 ze
843 3495 968 3564 Neubnrg
982 3494 1102 3549 rorkauit
1114 3511 1161 3548 aus
1173 3494 1221 3548 dor
1233 3494 1316 3567 Obiay
1330 3496 1372 3550 ein
1385 3495 1476 3549 Aobtel

298 3587 466 3659 Wcingarten
484 3587 517 3639 im
531 3588 719 3655 Cbochgraben
739 3604 780 3640 um
796 3585 855 3656 dy,
878 3587 960 3640 Psond
982 3584 1103 3640 Chunrnd
1122 3585 1180 3639 dem
1198 3586 1348 3640 Herranden
1368 3586 1414 3640 mit
1431 3586 1476 3639 des

297 3677 486 3749 bergmaisters
500 3677 589 3732 Uiricb
603 3694 652 3730 ron
664 3677 727 3730 Rnst
742 3678 814 3731 Hand
828 3680 906 3731 noter
918 3678 1011 3732 descen
1025 3674 1076 3730 und
1090 3675 1179 3730 Uirich
1193 3676 1238 3730 des
1251 3677 1358 3739 limeis,
1377 3676 1475 3732 Juden·

295 3770 395 3824 riobter
407 3789 438 3824 nn
453 3769 688 3839 Klosternenborg,
708 3768 812 3839 iusigel.
831 3768 902 3837 Orig.
913 3768 989 3837 Perg.
1004 3767 1062 3822 nin
1076 3767 1287 3822 Kammorbriete.

764 3947 1012 4028 decennus.

297 4096 505 4169 Gericttsbrr‘cf
517 4095 565 4150 des
577 4095 823 4151 osterreicbiseben
836 4094 1020 4164 Hofricbters,
1036 4092 1132 4149 Uiricb
1145 4111 1199 4149 noa
1211 4092 1333 4163 Perpau,
1346 4093 1416 4149 siber
1428 4094 1471 4149 cin

692 4186 770 4240 Horra
783 4202 821 4239 zu
833 4184 1080 4255 Kloatemeuburp.

692 4324 748 4378 nau.
769 4323 859 4387 wien,
875 4322 916 4377 31.
931 4322 982 4378 mai
1002 4322 1079 4378 ¹374.

381 4466 432 4532 lob
460 4469 582 4535 Vlreieb
612 4492 671 4535 von
695 4472 844 4557 Perpnw,
875 4469 1048 4554 bofricbter
1068 4471 1101 4534 in
1129 4452 1309 4535 Ostmeicb
1336 4469 1466 4555 vergich,

291 4574 345 4639 daz
363 4572 410 4640 fiir
426 4579 504 4642 mich
522 4577 624 4650 chum,
649 4579 686 4642 do
709 4579 759 4642 ich
781 4599 849 4642 sanz
871 4598 907 4641 an
930 4578 997 4643 dem
1020 4580 1144 4643 rechten
1164 4580 1195 4642 in
1212 4579 1278 4643 dem
1295 4579 1466 4665 botiayding

292 4702 328 4746 ze
352 4683 463 4749 Wienn
489 4687 585 4753 Alter
609 4687 668 4752 der
694 4686 923 4752 Horamrcbter
948 4687 1007 4751 und
1035 4687 1138 4769 chiagt
1164 4690 1217 4753 mit
1241 4688 1464 4772 Vorspraecbon
