3242 5350
307 464 385 536 434

305 661 399 725 eaque
430 642 526 704 ornrris
559 649 589 704 et
619 643 735 725 singula
767 665 823 726 per
854 648 997 711 nemrium
1036 647 1185 731 publicum
1230 650 1421 714 subnotatum
1463 655 1496 717 in

304 750 425 835 scriptis
449 750 570 814 redacta
594 772 658 814 mox
682 755 713 816 in
735 756 884 818 communi
907 775 1006 820 coram
1030 757 1116 821 nobis
1139 759 1276 823 omnibus
1304 760 1496 824 audientibus

304 880 449 943 expresse
465 869 496 924 et
511 860 750 942 intelligentibus
768 883 823 945 per
839 865 976 928 eumdem
992 865 1145 932 Notarium
1160 867 1301 933 lecerunt
1316 867 1404 932 nobis
1420 890 1496 933 con·

302 969 504 1033 sancientibus
520 978 550 1033 et
568 971 736 1053 petentibus
752 972 908 1055 publicari.
933 975 972 1037 lit
987 976 1055 1060 quia
1073 977 1152 1041 tacta
1170 977 1338 1041 huiusmodi
1355 976 1494 1061 publiea-

304 1079 390 1142 cione
415 1082 446 1142 et
467 1077 635 1144 collacione
660 1083 774 1144 numeri
798 1081 834 1145 ad
858 1104 1027 1158 numerum,
1051 1085 1110 1149 zeli
1133 1086 1170 1149 ad
1193 1085 1308 1157 zelum,
1333 1088 1434 1150 meriti
1459 1090 1496 1153 ad

303 1187 440 1251 meritum
468 1187 632 1252 subsecuta
659 1196 843 1272 compertum
871 1192 941 1264 luit,
966 1194 1108 1274 majorem
1137 1199 1169 1258 et
1196 1194 1345 1257 saniorem
1373 1201 1493 1280 partem

303 1295 429 1380 Capituli
446 1315 499 1359 seu
516 1294 687 1361 Conventus
712 1307 783 1363 rote
805 1320 865 1364 suu
879 1302 1040 1366 direxisse
1060 1304 1094 1367 io
1121 1304 1278 1368 moinum
1302 1304 1494 1369 Cbolomon·

303 1428 375 1471 oum
390 1407 553 1478 decenum,
569 1407 663 1470 virum
677 1410 777 1493 vtique
789 1410 952 1474 discretum
965 1417 996 1474 et
1007 1412 1175 1496 providum,
1187 1413 1225 1476 de
1243 1413 1390 1493 legittimo
1407 1414 1494 1478 thoro

301 1517 450 1597 genitum,
479 1517 615 1601 aliasque
640 1520 699 1582 rite
722 1524 753 1583 et
775 1539 888 1583 morum
913 1520 1069 1585 honestate
1091 1525 1197 1587 merito
1214 1523 1493 1594 commendandum,

302 1646 389 1710 quem
407 1625 504 1690 dictus
521 1626 664 1692 Nicolaus
681 1649 736 1693 suo
753 1635 783 1692 et
799 1651 919 1694 suorum
937 1631 1127 1715 Collegarum
1151 1631 1356 1716 predictorum
1374 1634 1495 1698 nomine

302 1735 406 1817 vigore
435 1735 522 1798 etiam
553 1742 583 1798 vt
611 1739 793 1819 premittitur
819 1738 878 1803 sibi
894 1762 911 1803 a
927 1741 1013 1805 nobis
1035 1742 1147 1806 tradite
1169 1743 1326 1826 potestatis
1354 1742 1493 1807 invocato

302 1846 387 1909 cristi
404 1846 521 1908 nomine
538 1846 633 1929 elegit
648 1848 677 1910 in
695 1854 828 1912 nostrum
845 1853 876 1912 ct
892 1850 965 1914 dicti
982 1852 1075 1914 nostri
1094 1849 1264 1913 monasterii
1289 1850 1442 1933 prelatum
1458 1871 1493 1914 ac

300 1953 485 2038 prepositum
507 1954 677 2037 inscriptis
694 1953 829 2020 subhac
846 1958 956 2022 torma:
983 1960 1047 2042 ligo
1071 1959 1211 2023 Nicolaus
1234 1958 1272 2023 de
1296 1956 1492 2042 Nevnburga,

300 2083 375 2127 unus
393 2062 430 2125 de
448 2063 542 2127 tribus
558 2064 774 2129 scrutatoribus
795 2087 812 2128 a
829 2073 930 2132 nostro
943 2067 1078 2153 Capitulo
1096 2089 1150 2134 seu
1163 2067 1318 2131 Conventu
1332 2069 1493 2132 nominatis

302 2181 332 2236 et
349 2172 456 2236 electis
473 2173 510 2236 sd
527 2173 695 2237 iaciendum
712 2175 894 2240 scrutinium
912 2183 941 2242 et
957 2175 1143 2240 Electionem
1158 2175 1251 2239 futuri
1268 2175 1363 2239 nostri
1380 2196 1493 2260 prepo-

301 2283 352 2344 siti
370 2282 533 2346 secundum
550 2283 674 2347 formam
692 2284 857 2367 predictam
870 2287 1033 2368 diligenter
1048 2287 1078 2348 in
1095 2284 1229 2350 omnibus
1247 2284 1441 2349 observatam
1453 2285 1491 2349 de

302 2389 451 2455 voluntate
467 2398 498 2455 et
514 2389 670 2457 Consensu
687 2392 876 2478 Collegarum
894 2416 1026 2460 meorum
1042 2400 1073 2459 et
1090 2396 1214 2459 aliorum
1237 2392 1366 2456 omniurn
1383 2394 1415 2457 in
1432 2395 1489 2459 biis

300 2502 560 2565 consenciencium
579 2523 614 2565 er
629 2511 782 2587 potestate
798 2506 893 2569 eciam
905 2506 995 2569 micbi
1012 2513 1043 2568 et
1059 2505 1173 2569 eisdem
1190 2504 1264 2566 meis
1280 2503 1412 2584 collegis
1428 2509 1489 2567 tra·

299 2611 360 2674 dita
378 2612 513 2674 invocata
531 2610 662 2695 Spiritus
679 2613 774 2678 sancti
791 2614 893 2698 gracia
917 2614 1067 2680 dominum
1090 2611 1325 2677 Cbolomannum
1341 2610 1488 2677 decanum

300 2726 433 2785 nostrum
455 2721 639 2805 predictum,
664 2724 692 2785 in
715 2743 803 2809 quem
827 2725 993 2807 reperimus
1016 2725 1158 2805 majorem
1172 2729 1203 2787 et
1219 2724 1367 2786 saniorem
1395 2724 1490 2786 nostri

300 2829 428 2914 Capituli
445 2829 547 2895 debite
571 2833 765 2896 consensisse
787 2835 818 2896 in
842 2838 975 2897 nostrum
992 2840 1022 2896 et
1038 2832 1212 2897 blonasterii
1235 2831 1329 2895 nostri
1346 2833 1488 2916 Prepesi-

299 2950 359 3004 tum
377 2948 407 3004 et
424 2946 573 3024 pastorem
591 2941 671 3025 eligo
688 2947 719 3006 et
735 2943 861 3006 eaodem
877 2942 1054 3007 electionem
1068 2942 1234 3026 pronuncio
1252 2941 1283 3002 in
1296 2941 1356 3005 biis
1368 2942 1490 3025 scriptis

299 3052 326 3113 io
345 3051 463 3114 nonrine
480 3051 573 3134 patris
598 3061 629 3115 et
651 3050 703 3115 lilii
727 3056 759 3114 et
780 3051 906 3134 spiritus
928 3052 1037 3115 sancti.
1063 3052 1157 3135 Quam
1173 3051 1293 3135 quidem
1311 3049 1489 3114 electionem

298 3180 400 3222 omnes
423 3164 453 3222 et
475 3158 585 3241 singuli
612 3160 815 3243 approbantes
844 3170 874 3223 te
904 3159 999 3223 Deum
1023 3160 1176 3223 laudamus
1206 3158 1352 3222 cantando
1381 3159 1488 3242 populo

299 3269 424 3332 lecimus
440 3268 645 3352 sollempniter
661 3268 808 3352 publicari
826 3272 891 3354 ipso
909 3270 1005 3332 electo
1019 3269 1056 3331 ad
1069 3268 1192 3333 chorum
1204 3268 1300 3351 ipsius
1313 3269 1486 3331 monasterii

298 3399 352 3461 per
375 3398 427 3439 nos
449 3376 577 3441 deducto
594 3384 626 3440 et
647 3383 716 3441 ante
735 3377 829 3443 altare
857 3398 1001 3441 summum
1030 3382 1061 3440 vt
1082 3382 1129 3440 est
1154 3377 1262 3448 moris,
1288 3376 1487 3461 personaliter

297 3489 415 3550 situsto.
442 3484 495 3550 Cui
513 3487 632 3571 quidem
650 3486 797 3551 Electiooi
815 3488 914 3551 dictus
932 3487 1067 3550 dominus
1083 3484 1318 3561 Cholomonnus,
1344 3486 1483 3573 preciosis

295 3620 329 3657 se
340 3596 444 3681 primo
460 3596 605 3659 redderet
618 3597 787 3680 difficiles,
801 3596 981 3661 instantibus
994 3601 1093 3658 tamen
1110 3593 1206 3667 nobis,
1222 3594 1340 3658 tandem
1355 3615 1483 3658 consen-

297 3727 360 3767 sum
385 3703 520 3769 adhibuit
543 3703 757 3776 voluntarium,
786 3714 817 3768 vt
838 3704 979 3769 debebat.
1004 3703 1135 3789 Ideoque
1159 3704 1326 3768 reverende
1349 3708 1486 3788 pateret

297 3814 416 3876 dominc
449 3811 594 3877 Graciose
626 3811 845 3897 benignitatem
878 3821 1009 3879 vestram
1041 3814 1236 3898 imploramus
1271 3812 1423 3877 humiliter
1455 3820 1484 3872 et

297 3924 421 3992 <levore
458 3929 604 4006 quatenus
632 3923 742 3987 dictam
771 3923 958 3988 Electionem
987 3925 1032 3989 sic
1047 3922 1256 4007 sollempniter
1282 3929 1313 3985 et
1335 3921 1485 3985 Canonice

296 4031 474 4094 celebratam
488 4031 651 4112 dignemini
668 4034 846 4097 auctoritate
863 4033 1013 4098 ordinaria
1030 4030 1235 4096 favorabiliter
1248 4029 1434 4102 confirmare,
1451 4028 1484 4090 Et

295 4148 325 4202 vl
353 4141 520 4204 veneranda
544 4142 650 4205 Vestra
679 4145 842 4226 paternitas
871 4148 1032 4226 agnoscat,
1068 4161 1122 4204 nos
1147 4142 1176 4203 in
1204 4139 1360 4224 premissis
1393 4140 1482 4202 luisse

295 4249 446 4313 unanimes
471 4256 500 4314 et
523 4252 706 4323 concordes,
736 4262 894 4334 presentes
922 4252 1026 4315 literas
1053 4271 1108 4314 seu
1139 4250 1307 4313 Electionis
1333 4249 1481 4312 decretum

294 4380 349 4442 per
367 4361 511 4423 notarium
529 4358 679 4443 publicum
705 4362 780 4424 infra
804 4361 967 4445 seriptum,
991 4360 1042 4443 qui
1059 4359 1215 4445 premissis
1232 4358 1368 4422 omnibus
1384 4360 1482 4441 requi·

295 4469 371 4532 situs
397 4469 532 4532 interluit
559 4471 588 4530 in
617 4469 693 4532 banc
722 4470 844 4533 sormam
874 4470 1022 4554 publicam
1057 4468 1174 4552 redigi,
1203 4467 1369 4551 Sigilloque
1391 4465 1478 4529 nostri

299 4576 421 4660 capituli
435 4586 466 4641 ct
479 4575 664 4658 singulorum
678 4586 847 4642 nostrorum
861 4575 1141 4663 subscripcionibus
1158 4578 1284 4641 fecimus
1302 4575 1479 4641 communiri.

292 4687 395 4749 Actum
414 4694 444 4749 et
456 4686 562 4750 Datum
574 4688 669 4760 Anno,
682 4687 732 4751 die
751 4694 782 4752 et
795 4688 862 4752 loco
875 4687 1021 4772 predictis
1037 4687 1209 4752 lodiccione
1224 4686 1272 4750 lX.
1290 4683 1476 4751 Pontificalus
