3242 5350
283 487 360 559 ltu

765 669 994 751 cucunvss.

279 812 339 868 Dur
360 815 433 887 serp
455 814 499 870 St.
513 814 633 869 Florian
656 815 754 869 nnnc
775 814 1020 884 Ktortemmeburp
1041 815 1073 869 in
1091 814 1138 870 die
1153 815 1297 885 prisiliebe
1316 814 1471 870 Verbrride·

796 923 872 976 rnnp
889 905 951 978 suf.

641 1033 698 1086 usa
718 1032 757 1086 St.
771 1033 890 1097 Florian,
908 1034 952 1088 29.
964 1031 1017 1087 tuli
1037 1033 1117 1088 1372.

370 1180 600 1248 Honorabilibus
631 1182 662 1244 in
694 1179 814 1246 Christo
846 1181 920 1244 viris
951 1182 1078 1246 dominis
1110 1186 1141 1245 et
1171 1181 1375 1245 confratribus
1405 1183 1470 1245 suis

284 1291 455 1355 Karissimis
477 1289 604 1354 dominis
629 1290 841 1357 thnronno
852 1291 1027 1379 preponito,
1043 1291 1177 1355 Nicotuo
1192 1291 1333 1362 Decurre,
1350 1291 1470 1377 totique

282 1402 428 1488 Cupitulo
458 1401 598 1466 senne
623 1399 887 1485 Neunburpensrb.
920 1398 993 1463 Ord.
1016 1420 1042 1463 s.
1064 1401 1141 1483 Aug.
1167 1398 1240 1463 Can.
1265 1400 1340 1483 Reg.
1365 1399 1468 1463 Patar.

279 1511 358 1575 dioc.
381 1510 579 1597 Weypundns
594 1509 705 1573 divine
720 1507 927 1573 miseracione
938 1510 1138 1597 prepositus,
1150 1508 1306 1593 fridricus
1321 1509 1470 1572 Decarms

283 1622 438 1707 Totnsqne
455 1621 630 1686 Convenae
644 1619 729 1684 Mon.
746 1618 852 1682 suncti
862 1617 996 1702 flurioni
1017 1617 1083 1682 ord.
1101 1624 1133 1681 et
1148 1617 1228 1682 dioc.
1245 1618 1375 1702 predict.
1400 1638 1468 1680 cum

280 1727 468 1793 oracionibus
480 1726 597 1791 deuotis
614 1729 746 1791 fraterne
761 1725 899 1789 karitatis
915 1726 1087 1791 confiuuum
1102 1727 1327 1791 incrementum.
1344 1726 1382 1789 vt
1393 1725 1469 1790 ami-

279 1837 375 1910 cicie.
400 1836 614 1901 familiaritates
631 1840 662 1900 et
677 1835 781 1918 gracie
797 1836 875 1899 inter
892 1856 945 1898 uos
967 1840 1068 1900 mutuo
1091 1835 1191 1919 iungis
1213 1836 1373 1900 retroactis
1388 1843 1469 1897 tem·

278 1947 402 2033 poribus
419 1945 519 2011 habite
543 1954 573 2011 et
595 1950 749 2011 connecte
770 1946 913 2010 virtuosis
935 1944 1078 2030 operibus
1094 1944 1263 2011 solidentur
1279 1952 1309 2009 et
1324 1946 1354 2009 iu
1369 1945 1470 2011 lucem

279 2056 384 2121 melius
400 2055 609 2120 deducantur.
627 2060 656 2119 et
677 2053 772 2119 eciam
794 2052 999 2138 multiplicatis
1023 2053 1272 2119 intercessoribus
1289 2055 1377 2118 renio
1392 2054 1469 2118 faci·

277 2165 334 2230 lius
346 2166 532 2250 impetretur,
538 2165 600 2230 Vos
612 2165 769 2229 vniversos
781 2171 813 2229 et
823 2164 960 2247 singulos
973 2171 1034 2228 tam
1049 2170 1220 2249 presentes,
1231 2185 1318 2250 quam
1335 2164 1421 2230 robis
1434 2166 1467 2228 in

279 2283 432 2359 posterum
448 2273 648 2340 succedentes
664 2273 694 2336 iu
709 2278 839 2337 nostram
847 2271 1132 2339 confraternitatem
1144 2272 1274 2339 libenter
1286 2280 1318 2340 et
1333 2273 1469 2339 liberali-

279 2392 327 2449 ter
342 2385 420 2449 iurta
438 2390 540 2449 vestre
555 2384 716 2469 peticionis
733 2384 874 2449 ellectum
890 2384 1068 2468 recipimus,
1097 2385 1243 2450 facientes
1266 2405 1319 2448 vos
1336 2386 1468 2451 omnium

279 2495 442 2568 bonorum,
466 2515 524 2580 que
550 2514 605 2579 per
633 2514 688 2558 nos
715 2502 746 2559 et
774 2513 970 2559 successores
998 2499 1118 2559 nostros
1146 2496 1176 2558 iu
1197 2494 1334 2559 Ecclesia
1363 2502 1468 2559 nostra

279 2602 438 2668 adiuvante
460 2603 524 2668 Deo
543 2651 551 2668 .
568 2603 617 2689 qui
642 2608 690 2668 est
713 2603 857 2668 bonorum
878 2603 1009 2668 omnium
1031 2603 1118 2667 dator
1141 2611 1173 2668 et
1196 2612 1316 2679 auctor,
1341 2604 1416 2668 liunt
1436 2607 1470 2668 et

261 2714 345 2779 'lieri
368 2719 525 2797 poterunt,
551 2715 714 2799 participes
734 2714 766 2777 iu
788 2714 848 2778 vita
868 2713 984 2799 pariter
1005 2719 1035 2778 et
1058 2716 1090 2779 iu
1105 2719 1210 2779 morte.
1238 2716 1381 2779 Preterea
1399 2735 1465 2779 cum

278 2822 402 2888 alieuius
420 2823 637 2887 Canonicorum
659 2828 828 2888 vestrorum
853 2823 939 2887 nobis
956 2824 1113 2888 nunciatus
1130 2824 1220 2889 fuerit
1234 2822 1350 2896 obitus,
1376 2844 1466 2909 quem

280 2932 417 2997 dominus
434 2934 523 2997 faciat
539 2931 679 3006 felicem,
703 2932 782 2996 iltius
799 2932 1020 2998 celebrabimus
1036 2935 1194 3017 exequias,
1219 2934 1467 3018 quemadmodum

278 3064 334 3129 per
360 3063 414 3107 eos
450 3062 504 3126 pro
533 3043 644 3105 nostris
671 3041 738 3106 fieri
763 3062 936 3125 speramus,
961 3062 1069 3105 nomeu
1085 3042 1180 3126 ipsius
1198 3041 1332 3107 defuncti
1353 3044 1468 3108 uostris

279 3149 435 3215 aurrnlibus
452 3149 629 3215 annotando.
652 3152 695 3215 Ad
708 3172 831 3238 quorum
842 3148 1026 3215 evidenciam
1042 3150 1098 3215 bas
1115 3159 1234 3215 nostras
1251 3150 1356 3216 literas
1381 3151 1467 3215 vobis

278 3262 391 3331 damus,
408 3258 574 3340 sigillorum
587 3266 756 3325 nostrorum
770 3261 956 3345 appensione
967 3261 1106 3326 munitas.
1139 3260 1246 3325 Datum
1258 3262 1342 3325 Anno
1355 3262 1467 3326 domini

282 3369 326 3432 ltu
342 3367 432 3433 CCC⁰
447 3369 527 3431 LXX
544 3369 677 3434 secundo
695 3370 755 3433 llll.
775 3370 839 3433 Kal.
857 3369 994 3452 Augusti.

366 3483 424 3535 Orig-
434 3484 495 3535 Parr-
507 3484 560 3524 zuei
570 3486 658 3537 oblonga
667 3485 737 3537 Siegel
747 3485 767 3524 ir
776 3486 858 3537 galbera
868 3485 962 3526 Wrebse.
977 3485 1018 3525 un
1028 3490 1082 3526 erate
1091 3485 1232 3536 intimenius
1242 3487 1332 3537 eropus.
1363 3486 1412 3527 Eine
1423 3492 1468 3526 ste-

277 3559 342 3598 beate
352 3559 442 3602 Person,
456 3557 493 3596 ruit
502 3559 547 3597 den
556 3558 628 3598 'l'alars
638 3559 755 3604 betleidet,
770 3559 814 3599 lits
824 3559 843 3597 in
854 3559 891 3599 der
900 3560 983 3599 rechten
993 3559 1047 3597 lieret
1057 3559 1093 3597 sen
1104 3558 1234 3603 linteamin,
1249 3558 1289 3597 und
1303 3559 1322 3598 ir
1338 3558 1376 3599 der
1390 3561 1466 3601 linter.

280 3632 358 3671 veletur
372 3643 396 3670 ao
411 3630 448 3669 der
463 3631 523 3669 uren
536 3630 596 3675 ruht,
611 3631 642 3671 eia
657 3632 721 3671 unsa.
737 3631 777 3671 ua·
792 3632 858 3681 ttnnpt
871 3629 900 3669 ist
913 3631 949 3671 snit
963 3631 1008 3670 deu
1018 3631 1094 3670 llis-etta
1105 3632 1199 3671 bodeekt.
1215 3631 1335 3671 umbria:
1360 3634 1374 3670 8
1387 3660 1393 3671 .
1404 3634 1466 3673 1151-

278 3704 358 3743 611101
370 3730 375 3741 .
386 3704 441 3742 ΡΡΊΊ
453 3729 459 3741 .
471 3702 526 3742 uult
538 3728 544 3741 .
555 3706 570 3742 S
580 3729 587 3743 .
598 3704 715 3744 accuratu
726 3730 732 3743 .
742 3705 783 3744 Du
798 3704 871 3744 endere
882 3705 909 3744 ist
923 3704 958 3743 tiu
970 3702 1131 3755 capital-siml
1142 3703 1181 3741 nd
1190 3703 1268 3743 eetbilt
1277 3705 1314 3743 ue·
1325 3704 1375 3744 bril.
1387 3705 1466 3744 florian

280 3782 409 3827 genappnet,
427 3776 462 3814 ruit
472 3775 528 3815 einer
538 3776 614 3825 Lenze,
628 3789 651 3815 aa
662 3775 751 3815 weleber
761 3776 793 3815 eir
803 3776 909 3817 riunena
919 3776 957 3821 ist,
974 3776 992 3815 in
1007 3776 1044 3815 tier
1061 3776 1163 3821 necans.
1182 3777 1219 3815 den
1234 3776 1289 3815 lieln
1305 3777 1323 3815 ia
1335 3777 1372 3817 der
1382 3778 1465 3817 uere..

276 3870 301 3881 -·
313 3873 337 3881 -
348 3852 443 3890 VSNTVS
455 3876 461 3888 .
472 3850 506 3887 Di)
518 3873 542 3881 -
553 3851 603 3888 utve
614 3876 621 3889 .
632 3853 646 3889 S
657 3878 663 3888 .
674 3851 791 3891 ruuaraur
803 3877 809 3889 .
830 3852 868 3890 urs
878 3851 989 3891 Uerania
1001 3851 1028 3890 ist
1038 3851 1101 3890 deber
1110 3864 1146 3890 ron
1155 3850 1214 3899 jener
1223 3850 1255 3889 bei
1267 3852 1376 3892 llantlraler
1387 3852 1466 3892 fleece-

277 3936 311 3963 ιιι
321 3922 400 3963 trebiri
411 3921 510 3972 caspius.
521 3921 570 3961 fab.
583 3923 631 3963 xit.
643 3936 662 3962 ι.
676 3924 694 3962 1.
711 3924 850 3969 rannessa,
864 3924 903 3963 ud
919 3923 994 3964 stiunt
1007 3918 1043 3962 nit
1053 3922 1113 3971 jeser
1131 3923 1165 3964 bei
1184 3922 1253 3963 Duell.
1274 3924 1368 3974 Ereerpt.
1381 3927 1455 3965 Genesi

279 3997 328 4036 fab.
341 3997 374 4036 111.
390 4009 409 4035 ιι.
420 3995 454 4035 21.
471 3994 564 4034 fiberein.

746 4176 989 4257 CCCCLVssl

487 4321 623 4377 Stetuten
636 4322 689 4376 der
707 4322 980 4379 Weinlsuner-Zeebe
998 4341 1036 4378 an
1055 4321 1267 4393 Heilipenrtodt.

674 4449 732 4504 Dat.
752 4449 795 4503 21.
816 4449 974 4521 September
995 4450 1072 4505 1372.

369 4596 421 4661 leb
450 4597 557 4662 Vtricb
583 4597 641 4660 der
663 4596 808 4684 Hespecb
834 4597 993 4663 Cborberr
1013 4619 1050 4661 ee
1065 4598 1254 4663 Nennbnrcb
1271 4601 1337 4663 end
1351 4620 1391 4664 en
1405 4601 1464 4664 den

281 4707 383 4769 seiten
404 4705 545 4791 pburrer
568 4728 607 4770 zu
622 4706 680 4771 der
695 4706 835 4794 beitipen
850 4714 913 4772 stat
935 4706 993 4772 vud
1017 4706 1068 4771 ioh
1085 4708 1140 4773 on
1154 4709 1213 4772 der
1229 4707 1344 4774 Cbeser
1360 4730 1397 4772 ee
1410 4709 1467 4773 der
