3242 5350
253 513 302 587 28

319 689 372 743 Das
384 688 539 744 kreismnde
554 690 645 759 Siegel
664 691 747 761 hangt
766 708 798 744 an
819 691 904 745 cinam
922 689 1079 759 gelbrotlren
1098 687 1286 750 Seidenladen,
1304 689 1357 744 und
1376 688 1443 742 wird

247 780 330 834 durch
351 781 408 834 eine
428 781 588 835 senkreclrte
605 781 679 835 Linie
698 780 723 834 in
742 781 806 835 arrei
824 781 922 834 Felder
941 779 1070 848 gelheill3
1095 779 1130 831 im
1148 780 1258 833 rechten
1281 780 1338 833 drei
1365 779 1444 833 dicke

249 870 381 931 Streilen,
394 871 494 925 welche
514 873 582 925 nach
601 874 669 926 oben
688 872 735 926 mit
755 871 803 926 der
815 871 993 925 senlrreclrten
1012 870 1088 924 einen
1107 870 1323 940 spitzenWlnlrel
1344 870 1443 930 bilder,

246 960 281 1013 im
292 961 378 1013 linkon
390 961 432 1014 ein
442 962 518 1015 Wolf
528 962 575 1016 mil
584 962 743 1029 gerilinotcm
756 962 873 1015 Rachen.
889 960 1045 1014 Umschriil:
1066 961 1088 1030 †
1102 961 1131 1014 S.
1143 961 1225 1014 Ulrici
1239 960 1273 1013 dc
1287 961 1444 1028 Wollrgers·

246 1051 304 1104 lori
314 1050 473 1119 (llanthaler
491 1053 626 1107 lincensns
644 1052 710 1106 Tab.
725 1053 768 1114 la,
781 1051 827 1104 Nr.
841 1051 886 1122 8).
900 1050 1041 1106 Vielleioht
1052 1052 1129 1104 rirhrt
1141 1069 1191 1105 von
1202 1051 1300 1104 diesem
1314 1050 1445 1104 Hermann

247 1158 296 1195 von
316 1142 529 1198 Ulrichslirchen
546 1142 589 1199 ‹lie
607 1144 769 1212 Benennung
787 1142 1010 1214 llorrnannslrogel
1029 1142 1086 1195 her.

769 1329 907 1401 XXXlV.

245 1465 339 1529 Kone,
349 1466 401 1522 cler
409 1467 659 1523 Allmrlnsmeister
668 1485 722 1523 oon
738 1467 834 1531 Wlen,
846 1467 968 1536 lesem,
979 1467 1045 1522 dass
1054 1467 1102 1522 alie
1111 1466 1336 1540 Zelentfreilcil
1347 1465 1444 1521 scimea·

337 1558 520 1629 Wcinollrlea
531 1560 571 1613 im
586 1557 730 1628 Nwlory
742 1576 799 1613 nar
808 1560 863 1633 fair
876 1559 953 1614 scine
965 1558 1130 1614 aebemus
1144 1558 1266 1628 Geltuny
1279 1558 1356 1612 lale.

632 1688 692 1740 liat.
711 1687 788 1741 Wien
807 1689 834 1740 2.
855 1686 955 1740 leonas
974 1688 1053 1742 1282.

336 1798 401 1880 Ego
420 1798 528 1863 Clinno
541 1799 697 1885 quondam
709 1799 864 1885 Moyister
874 1806 995 1862 monete
1007 1799 1040 1862 ia
1056 1797 1185 1862 Weano
1197 1804 1302 1860 tenore
1316 1814 1444 1879 presen-

247 1908 326 1972 cium
349 1906 494 1990 profiteor
510 1906 672 1978 mirensis,
696 1907 776 1992 quod
794 1905 929 1970 dominns
947 1909 1031 1971 Polio
1054 1907 1226 1989 prepositus
1252 1909 1282 1966 et
1299 1900 1445 1965 Canonici

249 2016 380 2079 ecclesie
395 2014 655 2095 Nenmbnrgensis
677 2036 734 2079 sue
748 2015 951 2080 liberalitatis
963 2017 1079 2102 oracio
1095 2014 1186 2077 michi
1203 2013 1335 2076 decimas
1358 2012 1444 2073 vine-

248 2144 331 2188 arum
351 2144 481 2187 mearum
507 2126 536 2187 in
558 2132 662 2189 monte
684 2123 854 2214 Nuzpercln
879 2130 1016 2196 sitarum,
1040 2123 1185 2187 videlicet
1204 2126 1331 2209 Poparc
1354 2139 1445 2183 vnum

244 2233 342 2315 loger
363 2232 543 2297 continentis
567 2236 598 2294 et
621 2234 709 2296 vinee
726 2233 896 2298 chlindi
917 2233 1053 2316 quartale
1069 2231 1291 2314 habentis.·pro
1315 2230 1445 2293 termino

245 2342 307 2405 rite
331 2360 398 2403 mee
414 2340 619 2405 favorabiliter
642 2340 824 2404 relaxarunt.
849 2342 891 2404 lta
915 2345 947 2404 nt
965 2348 1033 2425 post
1056 2340 1171 2404 obitum
1194 2359 1293 2402 meum
1316 2337 1445 2423 quilibet

248 2469 407 2532 possessor
428 2450 580 2512 vinearum
597 2449 811 2532 predictarum,
828 2449 893 2513 sire
909 2470 993 2513 rneus
1014 2450 1104 2513 heres
1121 2448 1227 2518 luerit,
1251 2445 1444 2516 satalenus,

249 2557 380 2621 decimas
397 2577 432 2620 ex
448 2558 521 2640 ipsis
538 2557 634 2620 vineis
651 2559 807 2621 venientes
831 2555 941 2621 debeat
956 2557 986 2618 in
1004 2565 1157 2638 posterum
1173 2555 1313 2620 Ecclesia
1329 2552 1444 2617 Neom-

247 2664 392 2748 burgensi
415 2666 605 2748 integraliter
621 2664 775 2730 exhibere.
801 2665 835 2729 Si
850 2686 923 2731 vero
948 2668 1066 2751 prolate
1089 2667 1177 2730 vinee
1201 2663 1291 2729 alicui
1314 2685 1370 2748 per
1394 2683 1443 2726 me

246 2776 315 2840 date
326 2776 392 2838 sive
405 2775 524 2839 vendite
540 2774 660 2846 luerint,
678 2796 713 2839 cx
725 2781 794 2840 tunc
807 2776 933 2840 Decime
946 2777 1157 2858 provenientes
1175 2796 1211 2838 ex
1224 2772 1349 2845 eisdem,
1364 2792 1439 2836 con-

243 2883 432 2947 tradiccione
445 2881 579 2968 qualibet
595 2902 652 2946 non
669 2882 818 2956 obstante,
836 2883 873 2947 ad
885 2883 1051 2949 Ecclesiam
1064 2889 1254 2948 memoratam
1268 2881 1358 2965 pleno
1376 2873 1442 2944 iure

247 2997 445 3058 revertantur,
462 2991 493 3052 ln
511 2991 597 3054 ouius
614 2993 660 3056 rei
681 2993 883 3056 testimonium
899 2996 1070 3076 presentem
1093 2991 1224 3055 litteram
1248 3010 1313 3053 meo
1330 2989 1442 3072 Sigillo

247 3100 417 3164 roboratam
434 3099 504 3163 (luxi
521 3100 731 3181 assignandam
751 3101 782 3164 in
797 3102 999 3164 testimoninm
1015 3105 1045 3165 et
1062 3099 1220 3164 cautelam.
1242 3100 1355 3162 Testes
1372 3104 1444 3160 sunt

246 3210 287 3272 D.
304 3208 467 3272 Dictatore
483 3208 523 3271 de
540 3210 635 3273 Calvo
650 3216 764 3285 monle,
780 3211 820 3273 D.
839 3210 1028 3276 Clunradas
1042 3211 1149 3293 freter
1159 3231 1244 3282 saus,
1262 3209 1301 3271 D.
1324 3206 1444 3270 Vilicus

245 3317 286 3381 de
303 3317 522 3400 Clriaondorf,
538 3318 578 3380 D.
596 3317 781 3382 Fridericus
797 3318 962 3389 Hactstocl
978 3320 1018 3382 D.
1035 3319 1135 3404 Gmffo
1151 3319 1192 3382 de
1212 3317 1341 3381 anno
1356 3314 1442 3378 mili-

247 3434 303 3492 tes.
330 3426 512 3492 masmae
532 3425 676 3501 ilicone,
700 3426 796 3491 Cloio
820 3426 967 3512 officialis
988 3427 1022 3489 in
1037 3425 1234 3490 Newnburclr
1256 3424 1358 3487 etalii
1383 3422 1443 3486 lide

246 3534 339 3615 digni.
362 3535 471 3598 Datum
491 3535 522 3597 in
544 3535 672 3599 chnno
694 3555 770 3597 anno
794 3533 905 3597 domini
930 3531 1188 3596 M⁰cc⁰nxxxir
1210 3538 1315 3618 quarto
1338 3531 1442 3595 Nonas

248 3641 392 3705 ianuarii.

880 3749 938 3801 Origr
954 3751 1015 3801 Perg.
1029 3750 1114 3800 Repete
1130 3748 1174 3789 let.
1190 3750 1227 3789 llr.
1237 3748 1270 3792 ¹2.
1285 3748 1322 3788 tol.
1339 3746 1387 3789 rsa.

191 3917 192 3920 Ἴ
320 3839 373 3892 Das
392 3838 476 3892 rande
495 3838 585 3907 Siegel
605 3841 686 3908 iringi
705 3856 738 3893 an
758 3839 843 3893 einem
862 3840 1129 3906 Pergamontslreilcn
1149 3839 1202 3893 und
1221 3840 1292 3908 zeigl
1311 3839 1337 3892 in
1356 3839 1442 3891 einem

249 3929 419 3997 dreieclrigen
439 3929 547 3983 Schildc
565 3931 642 3984 cinon
661 3929 823 4002 gefligclten
844 3930 962 3984 Greilen.
982 3930 1138 3984 Umsohriit:
1151 3929 1173 3998 †
1186 3930 1214 3982 S.
1228 3928 1358 3982 Chvnonis
1371 3928 1442 3983 Giris

263 4059 269 4072 .
299 4060 305 4074 .
336 4058 350 4072 ..
368 4038 413 4073 srs.

319 4110 412 4163 Dieser
425 4109 477 4163 alte
491 4109 683 4171 Minimeisler,
697 4110 748 4164 den
759 4112 818 4164 Lea.
833 4110 867 4163 de
878 4110 957 4164 iamil.
966 4129 993 4181 p.
1006 4111 1057 4163 135
1070 4127 1120 4164 von
1133 4109 1183 4163 den
1197 4110 1315 4163 minnern
1324 4108 1443 4162 lirr'rdern

248 4200 273 4252 in
285 4200 368 4268 Folgc
382 4200 469 4253 seines
488 4200 655 4254 Wohnsitzes
668 4206 762 4262 nennt,
780 4200 916 4254 ersclreint
934 4200 1002 4252 auch
1015 4201 1058 4254 bei
1073 4201 1154 4255 Linclr
1171 4201 1205 4254 ad
1218 4217 1284 4253 anno
1302 4198 1375 4252 1268
1387 4198 1440 4252 und

249 4291 331 4353 1274,
343 4289 422 4344 Bern-
434 4291 493 4345 Pen.
507 4288 572 4345 θοὰ.
586 4290 657 4362 Dipl.
670 4289 702 4344 ll.
717 4291 778 4345 118.
