3242 5350
1241 560 1291 631 49

136 736 286 822 parochiani
310 735 433 801 obedire
456 756 512 822 per
535 739 631 802 omnia
655 735 844 801 tenebuntur.
871 736 1023 801 Sacerdos
1046 757 1119 801 vero
1142 736 1296 821 predictus

135 848 195 929 ipsis
209 845 381 910 ministrabit
395 847 491 909 omnia
514 844 721 910 ecclesiastiea
737 851 939 918 sacramenta,
963 850 994 908 et
1010 846 1039 909 in
1055 845 1191 929 predicto
1213 846 1298 910 simi·

135 956 197 1020 terio
216 975 311 1019 eorum
332 960 466 1019 mortuos
497 954 638 1038 sepeliet,
660 959 691 1018 et
712 956 807 1018 omnia
831 953 930 1018 divina
951 953 1026 1038 ipsis
1050 952 1141 1017 saciet
1163 962 1297 1042 excepto

134 1064 236 1151 placito
252 1063 513 1134 Christianitatis,
531 1062 607 1148 quod
626 1063 661 1127 ad
675 1062 844 1128 mandatnm
856 1062 979 1127 Plebani
996 1062 1034 1125 de
1046 1061 1215 1127 holabrnnn
1228 1070 1300 1148 aput

135 1171 278 1256 parociam
298 1171 469 1235 visitabunt.
492 1171 523 1234 ln
539 1172 663 1259 ιίφιιιιιι
686 1194 807 1261 quoquc
826 1172 1032 1238 mdicecionis
1046 1170 1092 1235 bis
1109 1171 1138 1235 in
1154 1192 1246 1247 anno,
1269 1171 1297 1235 id

134 1286 172 1343 cst
180 1282 207 1342 in
218 1279 267 1343 die
273 1278 395 1342 Patroni
407 1284 439 1343 et
445 1279 475 1342 in
488 1280 687 1346 anniversario
697 1281 906 1346 Dedicaoionis
915 1279 964 1343 die
972 1279 1151 1365 parochialis
1164 1280 1298 1345 ecclesie

132 1391 213 1473 ipsam
226 1387 399 1472 parochiam
410 1386 558 1452 accedent
569 1389 833 1471 processionaliter
845 1409 911 1453 cum
923 1388 1041 1461 vexillo,
1055 1393 1086 1453 ct
1101 1391 1130 1454 in
1147 1410 1202 1455 rna
1214 1391 1301 1454 lesti-

134 1497 239 1561 ritatum
260 1495 379 1561 illarum
396 1496 525 1561 offerent
548 1516 668 1562 cereum
684 1498 841 1562 habentem
861 1498 921 1561 Xll.
940 1496 1032 1561 libras
1048 1518 1119 1563 uero
1130 1521 1194 1587 pro
1209 1500 1302 1565 benc·

131 1608 191 1692 ficio
210 1628 282 1672 acro
297 1607 480 1672 badumnodi
496 1606 679 1694 proclamem
699 1607 836 1681 illorum,
859 1606 937 1693 quod
959 1627 975 1670 a
993 1606 1078 1671 nobis
1094 1612 1125 1672 et
1139 1607 1303 1695 parochiali

133 1715 245 1778 ccclesia
261 1717 373 1801 prelati
385 1716 485 1781 incole
502 1716 656 1780 consecuti
678 1715 838 1789 exsistunt,
863 1715 990 1780 edificiis
1007 1718 1302 1804 curicpcrocbiulis

133 1824 362 1891 irrllotobrunn
375 1826 478 1914 proclo
494 1827 584 1892 dolor
599 1847 663 1913 por
677 1825 780 1913 ipncm
802 1831 961 1891 concumtc
982 1822 1094 1890 XLVII.
1120 1824 1172 1890 tal.
1196 1827 1300 1891 denor.

136 1929 348 1997 Wicnnensinm
363 1940 467 2019 preter
484 1940 632 2019 sumptos,
649 1954 723 2019 quos
741 1937 919 1997 memoratus
937 1931 1085 1998 Plebanus
1106 1936 1303 2019 personaliter

135 2040 211 2112 lecit,
234 2042 385 2127 sepedicti
410 2041 509 2107 incole
536 2041 746 2127 impenderunt
769 2050 800 2106 et
823 2041 1031 2106 nichilominus
1054 2044 1110 2126 ipsi
1133 2043 1249 2129 capelle
1271 2044 1303 2108 in

134 2148 457 2236 Horcaogenpyrbawm
478 2156 724 2236 comparaverunt
746 2152 776 2213 in
801 2150 900 2215 dotem
924 2151 982 2215 dno
998 2150 1107 2215 talenta
1133 2153 1304 2216 annulorum

134 2257 303 2333 reddituum,
328 2259 471 2325 videlicet
493 2260 609 2325 laneum
635 2260 776 2347 Gerunpi
799 2258 888 2322 situm
915 2259 944 2321 in
967 2259 1071 2323 eadem
1092 2258 1160 2324 nilla
1181 2261 1304 2325 Domino

135 2367 291 2433 Gordurdo
319 2370 361 2434 dc
388 2370 560 2435 Obcrsczsc
585 2378 617 2435 ct
642 2361 710 2434 tritu
735 2368 800 2431 eius
829 2388 938 2441 uxore,
964 2368 1105 2453 aquibus
1127 2375 1306 2433 memoratus

135 2474 284 2559 dcrongns
302 2479 430 2543 cundem
447 2478 563 2542 laneum
580 2479 609 2541 in
627 2478 746 2542 seudum
763 2475 931 2551 obtinebat,
949 2476 1111 2542 liberaliter
1126 2478 1305 2543 donantibus

133 2589 337 2667 proprietatem
349 2588 443 2672 ipsius
458 2589 536 2652 lanei
549 2586 671 2672 Capelle
687 2586 824 2669 predicte
837 2606 891 2668 pro
908 2606 1026 2649 suorum
1042 2586 1175 2651 remedio
1193 2607 1305 2673 pecea-

134 2701 227 2758 torum.
244 2696 502 2781 Comparauerunt
517 2717 634 2783 quoque
651 2715 749 2760 aream
769 2715 823 2779 pro
840 2695 1006 2760 residencia
1023 2694 1206 2769 sacerdotis,
1224 2697 1307 2762 cuius

134 2807 338 2888 proprietatem
364 2813 395 2870 et
421 2806 542 2869 frudum
566 2806 692 2892 quedam
722 2806 818 2870 viduo
842 2804 967 2869 nomine
988 2804 1104 2870 niutan
1126 2806 1309 2887 copnominc
1394 2807 1399 2822 '

135 2914 327 2980 erazr‘arnu
341 2913 438 2978 libere
454 2914 573 2979 donarit
588 2912 711 3000 Capella
727 2913 874 2998 predicte.
893 2913 1029 2978 Prelatus
1046 2932 1164 2999 quoque
1187 2915 1309 2979 Geran-

133 3042 288 3106 musgros
304 3025 413 3109 prelati
427 3023 517 3096 lanei,
534 3028 564 3087 et
580 3046 679 3089 arcam
695 3023 792 3108 ipsius
808 3022 887 3086 lanei
903 3020 961 3085 duo
977 3021 1085 3092 coloni.
1106 3023 1157 3107 qui
1172 3022 1310 3087 resident

134 3131 284 3196 heodem
307 3134 337 3195 in
359 3132 565 3216 emphiteosim
586 3131 800 3217 possidebunt.
824 3135 856 3194 et
881 3131 1044 3218 Gerunpru
1067 3130 1105 3195 dc
1130 3131 1211 3213 agris
1235 3130 1310 3217 ipsis

133 3238 220 3303 XlllI‘
235 3239 352 3306 solidos
374 3240 473 3304 coloni
495 3260 566 3305 rcro
589 3240 717 3325 predicti
737 3240 776 3304 de
795 3259 865 3302 area
883 3238 931 3302 hl.
949 3239 1051 3303 denar.
1075 3239 1255 3305 tenebuntur
1279 3242 1310 3303 in

134 3348 203 3414 scoto
224 3349 308 3413 beati
328 3348 433 3414 Georn'i
455 3348 613 3413 Sacerdoti
633 3347 789 3433 sepedicto
812 3348 931 3412 solvere
953 3349 1109 3412 annuatim.
1131 3349 1163 3412 ln
1186 3333 1310 3432 quornn'n

134 3459 254 3522 omnium
274 3459 471 3523 testimoninm
492 3463 650 3542 presentes
672 3455 775 3520 literas
791 3456 858 3521 lieri
879 3457 1018 3522 iussimus
1035 3464 1066 3522 et
1086 3462 1187 3522 nostro
1212 3456 1309 3540 sigillo

134 3567 243 3630 muniri.
255 3565 363 3631 Datum
374 3567 501 3632 Wrcanc
510 3567 593 3631 Anno
605 3565 716 3629 domini
724 3565 899 3631 blillessimo
912 3564 971 3630 CC.
979 3565 1180 3652 Nonagesimo
1193 3573 1310 3653 quarto,

135 3671 200 3739 llll.
217 3675 263 3739 lll.
286 3675 400 3740 llaroii.

654 3801 671 3840 Ε
686 3799 816 3841 chartularis
830 3800 914 3840 Arabici
929 3801 1030 3841 Clnrtror.
1045 3803 1080 3841 llr.
1091 3801 1114 3843 V.
1131 3801 1168 3841 tol.
1183 3800 1216 3840 tl.
1231 3800 1251 3841 b.

201 3909 308 3964 bischol
314 3908 448 3963 Bernhard
460 3908 526 3980 (ron
536 3908 677 3963 Prembach
689 3907 885 3980 rost-rara)
896 3926 945 3962 ron
954 3909 1052 3962 Passau
1062 3909 1126 3963 hiolt
1134 3926 1175 3963 arn
1187 3909 1231 3965 19.
1242 3910 1312 3964 blara

138 3997 176 4052 die
194 3998 301 4071 Spnode
319 4018 351 4053 ru
370 4000 410 4054 st
423 4000 515 4053 Pblton
533 4000 575 4060 ab,
589 4017 637 4053 ron
657 3998 716 4054 dort
729 4000 815 4069 begab
830 4016 858 4054 er
870 4000 925 4054 sich
938 4001 1006 4053 noch
1019 3999 1075 4053 lant
1089 3998 1177 4052 dieser
1188 3999 1313 4054 Urlrunde

137 4088 192 4159 (die
209 4092 254 4144 mit
277 4090 329 4145 den
347 4089 580 4161 rosbergehenden
603 4090 629 4144 iu
652 4090 820 4159 Verbindung
847 4108 879 4144 au
897 4093 986 4143 sctzen
1005 4088 1055 4160 ist)
1081 4106 1127 4142 aur
1145 4089 1314 4160 Einwcihung

138 4179 182 4233 dor
200 4180 306 4253 Capella
324 4182 391 4235 nach
411 4181 689 4252 nonogenoierooum
707 4198 757 4234 ron
776 4180 837 4235 dort
855 4181 922 4235 nach
935 4179 1019 4242 Wieu,
1033 4180 1122 4234 woher
1135 4181 1177 4235 die
1190 4182 1313 4236 Urhunde

139 4269 214 4324 datirt
230 4273 273 4334 ist,
292 4290 342 4326 von
360 4272 435 4326 Wien
454 4272 522 4326 nach
542 4271 643 4325 Zwettl.
663 4270 761 4342 (hinet
779 4271 895 4325 Annales
914 4269 946 4323 T.
965 4270 985 4324 l.
1003 4287 1066 4341 pag.
1084 4272 1146 4325 493.
1165 4271 1207 4344 a.)

205 4362 299 4434 Spatcr
315 4362 469 4417 erscbcinen
481 4362 508 4416 in
522 4362 574 4416 den
587 4362 663 4416 stiltl·
678 4361 819 4418 Urhunden
833 4364 871 4417 als
887 4360 992 4414 Plarrcr
1009 4360 1034 4414 in
1047 4360 1312 4417 Nicdcrhollahrunn:

206 4453 284 4508 1370.
303 4452 415 4508 Ottolrar
432 4453 481 4506 der
498 4452 640 4526 Tumuycr.

205 4544 282 4601 iace
301 4545 345 4599 22.
363 4543 448 4617 April.
467 4544 555 4599 ilanns
572 4561 622 4598 ron
639 4543 806 4601 waidholen.

177 4850 274 4909 lauta.
284 4852 348 4910 xlv.
