3242 5350
288 905 394 978 Propst
404 901 551 958 Rudwein'
562 902 694 971 uewtlltpa
706 902 769 956 ἆεπι
781 901 1025 958 acuuntretcnden
1037 904 1163 975 Pfarrer
1172 903 1288 958 lalana
1301 918 1354 958 auu
1367 903 1486 974 Hdfleim

370 989 373 993 ’
490 993 546 1067 fiir
555 994 631 1048 aeine
643 993 809 1048 belcameit
820 992 872 1067 dea
886 991 1131 1060 Strosaeupcriclt
1143 992 1273 1080 decollat,

611 1138 670 1191 Dat.
689 1137 925 1207 chsterneuburg‚
944 1136 973 1221 e,
990 1136 1049 1190 luni
1068 1137 1149 1190 1342.

284 1289 287 1294 ’
375 1283 405 1348 lu
436 1282 710 1356 nomineDomini.
734 1285 837 1345 Amen.
863 1283 947 1344 Anno
973 1281 1134 1361 natiuitatis
1158 1281 1293 1356 eiusdem
1316 1280 1481 1345 blillesimo

285 1392 514 1455 Trecentesimo
543 1390 629 1453 Xbm
655 1390 807 1461 secundo,
827 1394 922 1475 ¹sexta
950 1389 1001 1452 die
1026 1391 1139 1452 mensis
1169 1388 1265 1461 lunii,
1302 1388 1480 1453 indiccione

284 1500 416 1571 decima,¹
427 1499 563 1577 Ecclesia
579 1498 710 1561 Romana
726 1500 853 1560 vacante
870 1496 930 1580 per
941 1502 1065 1559 mortem
1082 1496 1231 1581 quondam
1247 1498 1430 1561 sanctissimi
1447 1498 1483 1560 in

285 1604 404 1681 Christo
420 1607 515 1689 patris
541 1605 660 1669 Domini
683 1605 837 1668 Benedicti
854 1604 935 1688 Papa
945 1601 1028 1666 vXllmi
1055 1606 1087 1667 ln
1109 1606 1167 1695 mei
1184 1603 1299 1683 Notarii
1315 1603 1429 1687 publici
1445 1612 1482 1682 et
1524 1680 1527 1684 .

282 1712 416 1777 testium*
433 1714 672 1796 subscriptorum
705 1713 864 1800 presencia
895 1710 1085 1776 Venerabilis
1117 1711 1263 1801 Dominus
1290 1712 1480 1784 floduinus,

283 1823 457 1905 Prepositus
476 1822 647 1885 Muuasterii
664 1812 923 1900 Newnburgonsis
947 1820 1062 1893 ordinis
1084 1822 1180 1884 sancti
1203 1821 1362 1903 Augustini
1385 1820 1481 1908 Pata·

282 1917 548 1993 aiensisDiocesis
564 1934 747 2012 protestatus
764 1928 834 1999 luit,
859 1929 944 2014 quod
962 1928 1175 1993 ludiciums'n
1194 1929 1316 1995 Stratis
1340 1928 1416 1993 Villo
1442 1929 1479 1993 in

281 2040 405 2123 Hofleia
422 2059 485 2102 non
501 2038 547 2102 erl
559 2038 727 2124 plebanum
743 2038 887 2102 Ecclesie
902 2037 1032 2109 tomen,
1057 2037 1142 2100 cuius
1165 2039 1211 2100 ius
1234 2036 1412 2107 Patronntus
1436 2036 1476 2099 ad

280 2145 378 2229 ipsum
395 2144 561 2208 dinoscitur
578 2146 731 2226 pertinere
739 2167 749 2217 ,·
764 2145 823 2208 sed
837 2144 883 2207 ud
895 2144 997 2230 pssum
1013 2150 1045 2207 et
1059 2145 1177 2208 disisam
1190 2145 1415 2209 monasteriaco
1434 2145 1478 2208 de

280 2253 351 2317 iure
363 2236 524 2337 pertineat
540 2257 571 2314 et
587 2250 685 2314 adbuc
701 2252 862 2333 bucusque
875 2252 1068 2333 pertinuerit,
1085 2253 1224 2335 quodque
1241 2252 1320 2319 idem
1336 2252 1475 2315 domiuus

278 2360 454 2444 Prepositus
471 2359 788 2441 inclinatnspreeibus
802 2361 1007 2423 Discretorum
1015 2359 1163 2429 Virorum,
1178 2360 1327 2447 mopmtrl
1335 2360 1475 2443 lllieolay

280 2469 418 2533 eioadme
429 2468 464 2531 in
478 2468 613 2551 Hoflein,
632 2473 662 2527 et
678 2466 788 2529 domini
804 2467 962 2531 Jobonnis
977 2468 1179 2538 parcensis,
1198 2467 1352 2534 cononici
1370 2468 1475 2551 frisa·

192 2580 193 2583 ’
279 2578 382 2641 cerasis
405 2583 436 2640 et
457 2578 491 2639 io
511 2575 593 2661 ltra'p
609 2576 813 2639 coelementato
829 2575 1040 2661 plebanorum
1065 2574 1318 2657 Zalczpurgensis
1343 2575 1478 2639 diocesis

170 2679 172 2682 ’
278 2685 478 2768 cupientium,
503 2683 625 2746 easdem
642 2683 796 2747 Ecclesias
812 2678 882 2746 suas
898 2683 935 2746 ad
952 2683 1081 2748 invicem
1096 2692 1285 2766 permutare,
1298 2683 1474 2767 ,claperia-

160 2852 163 2857 .
276 2792 345 2855 liter
361 2790 399 2854 ob
415 2790 630 2854 Reverenciam
647 2789 873 2853 et'Peticionem
902 2790 1070 2857 Reverendi
1098 2791 1209 2854 domini
1233 2790 1352 2853 Domini
1366 2791 1472 2855 Hein-

275 2899 346 2971 rict',
371 2903 483 2964 sancte
497 2898 757 2983 Sulcedurqeneis
773 2898 916 2962 Ecclesia
932 2879 1177 2986 Arcbiepraoopl
1197 2897 1320 2962 indulsit
1340 2885 1371 2961 et
1396 2917 1474 2960 con·

275 3007 370 3070 cessit
397 3006 435 3069 de
463 2998 657 3070 connivencia
686 3011 717 3068 et
744 3026 871 3069 assensu
895 3007 1093 3069 Dominarum·
1113 3007 1160 3069 sui
1178 3006 1363 3079 Contentus,
1388 3006 1472 3091 quod

274 3115 424 3198 completa
441 3115 666 3197 permutacione
682 3116 760 3177 inter
776 3113 930 3197 predictos
946 3114 1123 3197 Magistrum
1139 3114 1295 3180 Nicolaum
1317 3114 1471 3178 etDomi÷

273 3241 341 3285 num
357 3221 524 3284 lobannem
549 3220 747 3284 ecclesiarum
772 3219 975 3303 predictarum
997 3213 1031 3285 et
1045 3220 1164 3286 Domini
1184 3221 1329 3307 Episcopi
1345 3222 1470 3305 Dyoce·

273 3330 338 3392 sani
356 3328 592 3393 confirmacione
603 3335 634 3391 et
649 3328 843 3392 institucione
860 3329 1021 3393 subsecuta
1034 3327 1070 3392 ad
1084 3329 1215 3401 easdem,
1231 3329 1313 3393 idern
1325 3328 1471 3393 Dominus

270 3436 433 3502 Jobonnes
456 3434 574 3499 dictum
595 3434 747 3499 iodicium
770 3441 880 3499 tenere
902 3443 933 3499 et
952 3436 1071 3500 lubere
1083 3439 1187 3524 possit
1202 3437 1238 3500 ad
1255 3442 1391 3520 tempora
1406 3439 1470 3501 vite

272 3566 327 3608 sue
344 3543 504 3615 dumtaxat,
522 3564 557 3606 eo
575 3542 679 3614 modo,
700 3561 758 3625 qun
776 3542 874 3606 dictus
892 3544 1037 3624 magister
1051 3545 1194 3609 Nicolaus
1211 3546 1306 3628 ipsum
1323 3546 1420 3609 tenuit
1436 3552 1471 3611 et

271 3652 375 3715 babuit
392 3652 430 3715 de
446 3671 499 3714 sua
517 3655 547 3713 et
563 3650 756 3714 Dominarum
774 3650 848 3713 dicti
866 3649 1037 3717 Conventus
1054 3653 1100 3715 soi
1122 3653 1329 3718 benivolencia
1345 3658 1377 3718 et
1391 3673 1469 3717 con-

268 3761 409 3824 cessione
426 3759 562 3842 speciali.
586 3761 714 3841 ipseque
732 3759 875 3822 Dominus
892 3759 1068 3843 Prepositus
1085 3767 1116 3823 et
1132 3761 1245 3842 singuli
1269 3762 1316 3824 sui
1337 3769 1466 3825 succes·

267 3890 354 3933 sores
371 3876 441 3951 post
457 3872 580 3930 mortem
598 3874 628 3930 et
643 3868 756 3931 obitum
769 3867 842 3931 dicti
855 3868 973 3931 Domini
981 3868 1126 3933 lobannis
1138 3870 1286 3953 Judieium
1303 3868 1466 3954 supradic-

266 3981 328 4039 tum
345 3975 495 4039 rehabere
512 3979 543 4039 et
558 3996 592 4039 sa
608 3975 647 4038 de
664 3995 700 4038 eo
715 3975 917 4038 intromittere
933 3979 1075 4059 possunt,
1097 3983 1128 4039 et
1144 3976 1222 4059 quod
1239 3975 1377 4060 plebanis
1401 3976 1465 4040 ibi·

267 4085 384 4148 demin
401 4084 526 4157 bollein,
537 4085 587 4167 qui
604 4103 657 4169 pro
674 4089 810 4167 tempore
827 4087 924 4157 eruut,
935 4083 964 4146 in
981 4084 1062 4149 dicto
1074 4084 1189 4165 judicio
1206 4085 1298 4148 uicbil
1316 4084 1374 4149 sibi
1382 4085 1464 4169 juris

266 4192 370 4255 dicere
387 4196 542 4276 poterunt,
568 4199 618 4255 aut
634 4189 860 4275 quomodolibet
877 4214 1032 4274 usurpare.
1064 4194 1095 4255 ln
1113 4212 1238 4277 quorum
1255 4193 1463 4257 testimonium

267 4299 400 4364 Discreti
417 4301 494 4372 Viri,
519 4301 662 4365 Dominus
688 4304 852 4371 Conradus
867 4305 973 4370 suncti
985 4303 1128 4373 Andree,
1153 4309 1184 4366 et
1198 4303 1349 4388 mopiater
1363 4303 1463 4367 Νίσο-

265 4409 336 4473 tuus
351 4409 481 4473 distein
492 4410 618 4493 Hoslein
640 4413 846 4478 eeclemarum
857 4412 993 4502 plebani
1007 4432 1061 4475 sua
1077 4408 1178 4493 sigilla
1194 4412 1329 4493 presenti
1348 4412 1466 4475 instru-

265 4522 364 4579 mento
382 4516 600 4599 appenderunt.
625 4516 688 4581 Nos
705 4539 824 4603 quoque
841 4519 994 4584 Corradus
1011 4520 1108 4583 sancti
1124 4518 1246 4582 Andree
1271 4524 1301 4581 et
1316 4516 1463 4583 Nicolaus

264 4624 294 4686 in
312 4624 428 4688 llollein
452 4623 647 4688 ecclesiarum
672 4624 794 4708 plebani
819 4627 855 4690 ad
878 4628 1065 4691 evidenciam
1081 4632 1112 4690 et
1128 4624 1276 4690 cantelam
1292 4626 1461 4709 pleniorem
