3242 5350
345 493 419 565 120

343 688 435 733 nosco
459 688 506 731 me
527 667 684 752 recepisse
707 666 744 730 ab
767 664 988 731 honorabilibus
1004 666 1075 729 viris
1091 665 1216 729 dominis
1234 663 1420 730 Pcrcbtoldo
1430 684 1502 752 prc-

339 782 462 867 pooito,
484 777 668 843 Edcrbordo
697 777 823 841 Decono
849 783 974 864 totoque
997 778 1154 842 Conventa
1177 774 1317 840 Ecclesia
1339 774 1502 839 Neacndur·

341 888 448 976 pcnsio
457 906 540 951 veum
553 886 679 950 fructum
692 886 777 949 vinee
789 886 874 951 dicte
881 887 1180 973 prunnrocinporten
1190 905 1294 971 prope
1304 884 1506 949 molendinas

343 996 378 1060 io
392 996 514 1061 Nidern
539 994 698 1061 Weidnc’olc
724 995 839 1059 situotc
859 995 987 1058 medium
1008 995 1095 1078 inger
1118 996 1297 1058 continentis
1322 997 1433 1056 tantum
1456 1014 1505 1077 pre

343 1107 404 1169 vite
416 1125 481 1167 mee
492 1109 626 1188 tempore
637 1102 849 1190 possidendum
860 1109 891 1167 et
901 1103 1067 1167 babendum
1081 1103 1135 1168 snb
1152 1123 1243 1167 censu
1259 1123 1312 1166 sex
1324 1101 1506 1165 denariorum

343 1213 522 1277 viennensis
544 1218 662 1277 monete
677 1213 751 1297 ipsis
767 1232 823 1297 per
839 1231 886 1275 me
902 1213 931 1276 in
948 1213 1025 1278 festo
1048 1214 1144 1278 sancd
1159 1211 1335 1276 ldicbabelis
1352 1212 1437 1274 annis
1453 1211 1509 1272 sin·

343 1323 420 1406 gulis
437 1323 466 1384 in
488 1321 731 1403 recognicionem
755 1322 946 1406 proprietatis
968 1321 1102 1386 eiusdem
1124 1323 1211 1385 vinee
1233 1318 1442 1405 persolvendo,
1465 1338 1509 1382 me

344 1450 414 1494 vero
437 1429 564 1494 cedente
589 1429 637 1494 vel
659 1431 823 1495 decedente
846 1431 924 1496 dicta
947 1433 1031 1497 muca
1047 1431 1084 1495 ad
1106 1431 1226 1495 cosdem
1250 1428 1383 1493 dominos
1405 1447 1510 1512 prepo-

343 1541 430 1603 situm
459 1542 490 1603 et
519 1545 693 1602 conventum
720 1541 784 1603 sine
816 1539 1056 1604 concauieoione
1084 1537 1281 1624 quorumlibet
1316 1535 1411 1600 libere
1436 1536 1510 1600 sient

343 1653 428 1711 antea
444 1646 617 1711 devolvetur
633 1667 699 1711 cum
714 1666 768 1710 suo
784 1667 877 1711 onere
893 1648 1067 1721 ethonore,
1090 1651 1179 1732 prout
1192 1648 1223 1710 in
1238 1646 1334 1710 literis
1352 1643 1511 1707 eorundem

345 1757 435 1820 micbi
449 1754 568 1819 traditis
586 1776 675 1841 super
696 1776 732 1821 eo
748 1757 866 1840 plenius
889 1758 1065 1821 continetur.
1089 1757 1119 1819 ln
1142 1757 1226 1819 cuias
1246 1756 1291 1817 rei
1316 1753 1511 1818 testimonium

345 1870 503 1950 presentes
519 1863 621 1928 literas
643 1865 718 1949 ipsis
740 1865 808 1929 dedi
825 1865 882 1927 mei
903 1863 994 1946 sigilli
1011 1864 1169 1928 munimine
1184 1864 1385 1946 consignatas.
1408 1862 1513 1926 Datum

345 1974 539 2061 Ncccnburpc
553 1974 635 2036 Anno
652 1974 718 2037 [lui.
735 1974 788 2037 ld⁰.
805 1972 902 2037 CCC‘.
919 1974 1032 2037 decimo
1050 1972 1109 2038 ΙΨ.
1126 1973 1226 2038 Nonas
1241 1970 1322 2036 lulli.

439 2116 497 2169 orig.
511 2117 572 2169 Perg.
598 2114 662 2172 (liep.
672 2117 717 2158 Vct.
731 2119 766 2158 liv.
777 2116 811 2157 21.
829 2118 866 2159 l'ol.
878 2114 929 2171 1¹³)
948 2117 987 2156 nd
1005 2116 1096 2156 enormi.
1109 2116 1142 2156 lll.
1163 2115 1200 2157 iol.
1216 2116 1250 2157 11.
1267 2126 1286 2154 ι.
1307 2115 1348 2155 Das
1364 2113 1437 2166 eleget
1454 2114 1481 2153 ist
1496 2112 1514 2152 iu

346 2190 426 2231 restem
435 2190 508 2231 wasa·
522 2190 622 2243 geennom
630 2189 667 2230 nit
676 2189 713 2229 der
722 2190 845 2232 buscariis:
860 2192 886 2233 8.
894 2189 984 2231 lisisvici
994 2189 1076 2230 Plebni
1086 2189 1107 2229 ἰι
1116 2189 1151 2234 ba,
1165 2188 1233 2241 grain
1240 2186 1308 2238 istst
1317 2187 1351 2229 isi
1361 2186 1458 2229 Duellius
1467 2187 1514 2227 nse.

346 2265 428 2304 Genesi.
443 2264 493 2304 Μ.
504 2263 553 2303 m.
567 2274 587 2305 ι,
599 2262 644 2303 118.
658 2262 695 2302 uis
703 2262 859 2315 gebmuisebter
870 2262 936 2303 ltitlcr
946 2264 1000 2303 steht
1008 2263 1045 2302 nit
1054 2263 1098 2302 de·
1107 2263 1211 2303 scbverts
1221 2264 1335 2314 ugurtet,
1349 2262 1369 2301 is
1379 2261 1417 2300 der
1428 2261 1515 2301 Rechts·

346 2335 380 2376 dis
394 2337 459 2376 unse
469 2335 505 2375 nit
514 2334 578 2376 einen
588 2334 707 2381 vianense.
721 2334 741 2374 i·
751 2335 788 2374 der
796 2334 872 2375 uisae·
882 2334 938 2374 circu
948 2335 1077 2387 Palnsvveig.

854 2488 1009 2568 CXXIX.

351 2642 429 2707 Otto,
454 2640 507 2698 dbt
523 2658 578 2698 oon
597 2640 712 2706 chttl,
737 2641 835 2702 oimsnt
857 2641 911 2698 den
930 2640 1201 2714 Klootcrneuburpcr
1225 2642 1350 2698 Dccbont
1367 2640 1517 2699 Eberhard

384 2733 443 2790 und
454 2734 550 2790 acinon
562 2733 676 2790 Brsdcr
688 2734 811 2808 Philipp,
832 2734 993 2791 coemere
1006 2752 1042 2790 as
1060 2734 1104 2789 St.
1117 2734 1224 2797 dado-d,
1242 2734 1272 2789 iss
1284 2734 1330 2789 dic
1341 2734 1485 2804 peistls'cbc

784 2824 998 2896 Vcrbrddmnq
1017 2825 1078 2896 aas.

677 2943 736 2998 nac.
754 2943 847 2998 Zvvcttl
865 2943 908 3000 14.
927 2943 1084 3015 September
1102 2944 1181 3000 1310.

435 3064 549 3129 Frater
566 3065 636 3130 Otto
651 3064 754 3129 dictato
768 3065 871 3129 Abdus
885 3066 926 3129 dc
948 3066 1057 3130 zwetel
1070 3068 1210 3149 totusque
1226 3069 1388 3128 conventus
1404 3062 1515 3127 ibidem

350 3172 567 3236 venerabilibus
594 3174 623 3236 in
657 3173 729 3236 Xsto
757 3172 829 3236 viris
863 3172 980 3237 domino
1013 3173 1193 3239 chrbordo
1220 3175 1348 3239 Decono
1374 3175 1516 3240 Ecclesic

347 3283 607 3372 Ncconburpcnoia
618 3290 650 3348 et
658 3284 760 3368 fratri
769 3305 825 3349 auo
837 3285 959 3349 domino
968 3284 1116 3372 Philippo
1130 3285 1284 3350 Cononico
1297 3286 1403 3350 domus
1414 3286 1517 3351 coacti

346 3394 471 3459 Andros
483 3413 548 3457 cum
562 3391 676 3456 devotis
688 3393 874 3458 oracionibus
886 3393 1009 3458 salutem
1021 3394 1050 3457 in
1063 3393 1189 3458 omnium
1202 3393 1357 3458 salvatore.
1370 3393 1516 3477 Exigente

346 3503 396 3587 pie
413 3501 585 3565 devocionis
602 3500 719 3573 affectui,
747 3521 833 3584 quem
856 3502 892 3566 ad
908 3501 1041 3566 ordinem
1057 3506 1090 3565 et
1112 3505 1289 3565 conventum
1305 3505 1440 3564 nostrum
1456 3503 1517 3566 ier·

345 3610 466 3675 vencius
481 3630 534 3675 vos
559 3608 671 3672 babere
692 3612 890 3695 conperimus,
916 3611 973 3694 piis
994 3607 1102 3676 studiis
1126 3610 1349 3694 congaudentes
1367 3631 1401 3673 ex
1418 3611 1515 3675 animo

347 3725 378 3785 et
389 3716 481 3785 corde
493 3722 696 3792 occurrentes,
709 3724 741 3783 ut
753 3719 1065 3785 condecetletabundo
1075 3721 1154 3785 iuxta
1165 3701 1358 3784 devocionem
1372 3720 1517 3786 desiderii

346 3829 438 3894 vestri
454 3828 555 3892 damus
567 3826 650 3894 vobis
666 3830 839 3893 auctoritate
851 3830 1058 3916 omnipotentis
1071 3830 1127 3893 Dei
1141 3833 1173 3894 et
1187 3827 1275 3893 beate
1287 3828 1380 3893 llarie
1393 3850 1515 3914 semper

345 3937 471 4020 virginis
489 3942 519 4001 et
534 3938 660 4001 omnium
682 3941 852 4002 sanctorum
868 3939 986 4022 plenum
1002 3939 1188 4024 participium
1213 3938 1339 4003 omnium
1359 3939 1515 4012 bonorum,

347 4068 405 4133 que
437 4045 559 4113 cottidie
590 4045 705 4113 domino
732 4046 920 4121 exhibemus,
952 4048 983 4112 in
1014 4048 1121 4113 divinis
1153 4049 1311 4123 serviciis,
1349 4049 1379 4113 in
1411 4055 1515 4114 sancta

347 4155 439 4221 llissa
455 4161 485 4219 et
500 4154 616 4220 devotis
635 4154 838 4230 oracionibus,
862 4157 973 4241 vigiliis
987 4157 1110 4241 jejuniis
1127 4178 1181 4222 seu
1197 4159 1264 4224 aliis
1280 4158 1515 4246 quibuscumque

347 4265 405 4350 piis
421 4263 573 4329 laboribus
594 4263 641 4328 vel
658 4264 825 4338 exerciciis,
850 4287 908 4352 que
929 4286 985 4351 per
1007 4286 1061 4331 nos
1083 4267 1219 4350 indignos
1242 4267 1340 4332 divina
1356 4268 1515 4332 miseracio

346 4373 517 4454 dignabitur
531 4375 649 4456 operari
672 4374 749 4438 banc
773 4374 868 4438 eciam
891 4376 1066 4461 prescriptis
1090 4377 1222 4459 graciam
1245 4377 1461 4459 subiungendo‚
1484 4382 1517 4441 ut

348 4502 413 4546 cum
430 4486 532 4545 vester
555 4480 653 4547 obitus
670 4481 763 4546 luerit
789 4489 892 4547 nostro
909 4485 1066 4549 conventui
1089 4487 1255 4559 nuncialus,
1272 4486 1381 4550 animas
1397 4491 1514 4550 vestras

348 4608 430 4654 more
453 4590 574 4654 fratrum
597 4596 764 4655 nostrorum
780 4592 808 4655 in
834 4593 962 4679 capitulo
981 4593 1130 4658 absolutas
1147 4594 1293 4659 vniversis
1309 4593 1515 4658 defunctorum

346 4698 526 4764 involvemus
542 4698 701 4782 suffragiis,
719 4720 779 4786 que
795 4722 849 4787 pro
862 4701 1002 4766 iratribus
1019 4708 1050 4767 et
1064 4703 1309 4768 benefactoribus
1322 4703 1431 4769 nostris
1446 4703 1513 4767 lieri
