3242 5350
1275 544 1320 614 21

132 711 300 774 donavimus
329 712 479 786 dedimus,
498 720 528 779 el
549 716 736 780 vendidimus
764 716 863 780 eidem
892 716 1011 780 domino
1034 716 1191 781 Chrnredo
1216 721 1247 780 et
1268 719 1327 781 due

132 820 200 904 liyte
214 822 368 884 uxorisne
385 843 421 886 ae
438 823 544 888 liberis
561 826 693 908 ipsorum
708 846 786 888 nune
803 825 833 886 in
850 825 986 909 presenti
1003 824 1113 889 habitis
1130 827 1206 890 etin
1224 832 1328 911 poste·

130 950 189 991 rurn
205 930 355 993 habituris
372 952 428 1015 pro
445 934 634 1016 septuaginta
652 933 772 996 talentis
789 931 892 996 denar.
912 936 1017 996 wieun.
1037 937 1067 996 et
1084 934 1151 997 aliis
1168 933 1326 999 benefieiis

130 1037 210 1100 uobis
226 1039 378 1122 inpensis,
391 1060 450 1124 que
467 1062 525 1104 non
538 1044 700 1121 tangimus,
713 1061 810 1125 neque
824 1046 952 1122 tangere
964 1041 1100 1105 volumus
1111 1043 1141 1105 iu
1154 1043 1211 1107 hiis
1225 1044 1326 1127 serip-

130 1149 164 1208 tis
179 1144 263 1207 salve
280 1152 383 1210 tamen
401 1148 549 1212 beneficio
562 1151 716 1233 personali
728 1150 759 1212 in
775 1149 911 1213 omnibus
927 1157 1121 1234 supratacto,
1138 1151 1181 1214 lta
1198 1158 1228 1213 rt
1244 1150 1326 1213 idem

129 1253 308 1318 chunradus
333 1263 364 1319 et
388 1276 461 1319 uxor
486 1257 622 1331 eiusdem
648 1258 788 1341 superius
812 1258 960 1321 nominata
985 1280 1020 1322 ae
1045 1258 1210 1322 eorundem
1234 1258 1325 1322 liberi

127 1382 212 1445 supra
235 1363 353 1427 dietam
374 1365 492 1427 vineam
514 1364 570 1428 sub
586 1366 663 1437 iure,
681 1367 761 1451 quod
776 1366 963 1449 purchreeht
979 1367 1106 1441 dieitur,
1130 1372 1232 1431 teneat
1258 1367 1324 1432 sire

128 1475 255 1543 teneant,
283 1472 440 1556 possideat
461 1493 517 1537 seu
537 1473 714 1557 possideant
735 1483 881 1559 perpetua
905 1474 1063 1548 firmitate,
1085 1473 1253 1560 habeatque
1276 1475 1325 1539 rel

124 1578 252 1643 labeant
270 1581 304 1643 iu
320 1583 426 1645 eadem
439 1583 524 1644 vinea
541 1581 700 1655 vendendi,
714 1580 870 1662 obligandi
887 1588 917 1646 et
928 1603 982 1668 pro
996 1604 1049 1647 suo
1063 1584 1148 1647 libito
1161 1583 1323 1657 alienandi,

126 1686 246 1751 liberam
265 1688 453 1762 facultatem,
471 1689 630 1753 dummodo
647 1690 699 1753 flat
715 1711 769 1773 per
784 1712 904 1754 manum
917 1693 1052 1772 magistri
1071 1697 1101 1755 et
1116 1694 1323 1774 procuratoris

126 1797 228 1859 montis
247 1799 359 1871 nostri,
376 1799 457 1862 sieut
471 1799 501 1861 in
518 1797 584 1862 aliis
607 1803 759 1863 vinearum
774 1804 944 1863 nostrarum
967 1798 1117 1863 montibus
1133 1800 1227 1881 exigit
1248 1802 1322 1864 ordo

125 1906 202 1968 iuris.
216 1905 368 1970 Addimus
380 1910 487 1978 eoiam,
500 1907 579 1991 quod
592 1908 688 1991 primo
702 1912 908 1990 postmortem
921 1907 999 1990 llag.
1015 1906 1165 1971 Chrnradi
1178 1914 1209 1971 et
1222 1910 1325 1972 uxoris

124 2036 173 2078 sue
197 2014 327 2079 domiue
351 2014 429 2099 llyte
453 2013 583 2078 heredes
603 2016 750 2097 ipsorum.
775 2016 812 2080 ad
840 2006 916 2100 quus
939 2022 1101 2079 memorata
1125 2017 1210 2080 vinea
1233 2016 1325 2082 fuerit

123 2123 280 2197 devoluta,
303 2125 370 2186 sire
394 2123 530 2204 ejusdem
556 2123 641 2185 vinee
663 2144 825 2206 possessor
846 2123 921 2187 alius
950 2125 1168 2210 qualiscunque
1192 2144 1229 2187 ex
1251 2131 1323 2189 tune

124 2237 151 2294 el
166 2232 195 2293 in
211 2239 306 2295 antea
323 2233 413 2316 plene
430 2251 465 2294 ae
481 2231 672 2312 integraliter
687 2232 742 2296 dus
758 2237 928 2295 montanum
952 2238 983 2295 et
999 2232 1132 2296 decimas
1150 2231 1237 2296 nobis
1259 2232 1323 2296 sol·

124 2347 188 2403 rent
203 2343 291 2404 sieut
303 2341 425 2404 solvere
438 2341 524 2404 nohis
536 2339 672 2403 eiusdem
685 2340 793 2403 montis
806 2341 980 2405 adiacentes
993 2342 1079 2406 vinee
1091 2347 1322 2404 consueverunt

123 2448 199 2514 Hane
212 2452 309 2513 etiam
323 2447 543 2520 alienationem,
555 2447 744 2511 donationem
757 2454 788 2511 et
802 2449 1011 2513 vendicionem
1029 2450 1155 2513 lecimus
1168 2448 1205 2513 ad
1219 2455 1323 2513 nostre

124 2556 263 2621 liselesie
291 2555 449 2618 utilitatem
473 2555 614 2619 maiorem
638 2563 669 2619 et
696 2556 882 2620 commodum
899 2558 1083 2640 ampliorem.
1108 2558 1322 2629 Promitlimus,

123 2668 281 2730 statuimus
299 2671 330 2728 et
346 2663 514 2747 obligemus
530 2664 666 2729 eiusdem
683 2667 770 2729 vinee
787 2685 842 2728 nos
859 2670 890 2729 et
905 2665 981 2729 bona
999 2671 1099 2731 nostra
1123 2687 1193 2730 esse
1208 2688 1322 2751 perpe-

123 2783 184 2839 tuos
201 2775 395 2838 dellensores
424 2779 485 2836 tarn
508 2774 603 2856 ipsius
620 2774 700 2855 ldag.
723 2771 892 2847 Chrnrsdi,
917 2774 1018 2837 uxoris
1044 2796 1099 2839 sue
1122 2796 1157 2840 ae
1180 2775 1324 2838 heredum

122 2887 253 2967 ipsorum
266 2883 464 2968 quameoiem
474 2880 564 2954 illius,
576 2884 625 2945 eui
638 2903 703 2946 eam
716 2882 858 2946 dederint
873 2882 920 2945 rel
933 2884 1122 2947 vendiderint
1134 2883 1172 2947 de
1184 2904 1237 2947 sua
1250 2905 1321 2967 pro-

55 3017 63 3038 ·
123 2995 182 3077 pria
199 2992 370 3055 voluntate.
386 2990 423 3054 ut
438 2995 471 3053 vt
486 2988 635 3059 hoismodi
651 2991 789 3056 reudieio
806 2997 838 3054 et
849 2992 975 3055 donaoio
993 2998 1139 3076 perpetue
1156 2990 1248 3056 robur
1268 2993 1322 3056 lir-

124 3102 234 3165 milatis
250 3099 418 3168 obtineant,
431 3104 604 3182 presentem
616 3100 758 3181 paginam
774 3105 942 3162 nostrorum
956 3098 1124 3179 sigillorum
1137 3085 1323 3182 appensione

123 3230 155 3272 ae
170 3209 337 3272 munimine
354 3204 523 3269 roboratam
540 3207 666 3270 leeiunus
683 3206 819 3270 roborari
836 3205 975 3279 testibus,
993 3209 1042 3291 qui
1056 3206 1190 3279 aderant,
1207 3205 1321 3270 subno-

123 3319 199 3380 tatis,
219 3316 278 3397 Qui
296 3322 367 3378 sunt
383 3315 436 3378 hii.
454 3314 537 3378 Duos
553 3317 639 3380 Pube
654 3316 811 3402 plebanus
826 3337 852 3379 s.
869 3316 1013 3386 Martini,
1034 3316 1117 3379 dnae
1134 3316 1322 3381 Clvnrodue

124 3427 159 3490 de
177 3425 404 3510 ii'rrlliterstoafi
419 3424 572 3488 Cononiei
582 3425 714 3488 eooleeie
726 3432 842 3499 nome,
851 3426 959 3507 frater
970 3424 1121 3487 henricus
1131 3425 1171 3488 de
1183 3445 1323 3510 eponae·

125 3533 227 3605 dael,
239 3534 323 3597 dnus
334 3533 485 3598 madeus
492 3533 650 3619 pledanae
666 3533 706 3597 de
721 3538 833 3596 saneto
849 3534 929 3606 loeo,
945 3531 1027 3595 duaco
1038 3533 1143 3596 Hunlo
1160 3533 1200 3596 de
1219 3534 1321 3597 Talna

125 3643 313 3707 anaiades
338 3641 539 3711 Wseunerasas,
557 3641 640 3704 dnos
656 3640 803 3704 Ditrieua
813 3641 854 3704 de
870 3640 1071 3726 Clolnperpe
1086 3640 1213 3712 milites,
1230 3643 1320 3706 Daue

126 3751 272 3816 maffeus
292 3751 334 3815 de
358 3750 498 3820 meets,
523 3748 717 3819 deserina,
743 3748 864 3814 Vtrious
884 3756 916 3813 et
943 3748 1111 3835 Wopundus
1129 3750 1253 3832 fratres
1276 3751 1316 3814 de

127 3859 341 3942 Glarimsdors,
354 3858 539 3923 Medea
550 3858 591 3922 de
605 3857 807 3933 Moverdaed,
822 3857 917 3922 Cloio
931 3856 1080 3942 officialia
1099 3865 1216 3927 noster.
1235 3859 1317 3922 Wal-

125 3967 192 4031 tlter
213 3967 394 4031 vitriarias.
424 3966 568 4031 Ditaieus
597 3974 629 4031 et
656 3966 784 4030 Wsinto
811 3969 934 4049 fratres
957 3965 997 4028 de
1023 3964 1214 4052 Cltalnperq.
1249 3967 1321 4030 Otto

126 4077 222 4140 Fr‘litas
253 4076 385 4139 Donnini
413 4074 525 4139 ditriei
554 4075 595 4138 de
622 4074 839 4162 Cloalnperpe.
863 4073 1036 4158 Liopoldus
1059 4072 1094 4135 in
1125 4073 1193 4137 altu
1217 4080 1321 4137 strata

124 4194 194 4250 tune
208 4183 367 4271 Μαρίων
394 4183 586 4248 Wienaensie
609 4182 743 4247 Moneta.
769 4182 954 4247 cuonradus
977 4181 1017 4243 de
1045 4179 1191 4249 Vrbesele,
1217 4180 1320 4244 lemme

121 4295 202 4377 filias
224 4293 384 4380 quondum
406 4291 528 4356 domini
563 4291 695 4355 Οτίοηίε.
720 4291 898 4360 Arrooldus,
930 4286 1094 4354 iohannes
1122 4296 1154 4353 et
1176 4289 1321 4353 Ditrieaw

125 4401 251 4465 Notarii
263 4405 394 4484 etquam
410 4399 514 4482 plures
530 4399 579 4463 alii
595 4398 655 4462 lide
672 4399 765 4481 digni.
787 4397 856 4461 liat.
875 4401 906 4460 et
928 4401 1024 4460 aetum
1042 4397 1072 4459 in
1090 4397 1219 4460 Wienna
1235 4397 1319 4460 Anno

127 4509 233 4573 domini
248 4507 472 4571 mccmxxa
488 4507 593 4592 quinto
609 4507 708 4592 pridie
723 4507 793 4571 ldus
809 4504 999 4569 Novembris.

845 4613 904 4663 Orig.
920 4613 983 4663 Perg.
998 4609 1037 4651 oi·
1050 4611 1119 4661 Siegel
1133 4609 1263 4662 algerinus.

191 4689 269 4742 Diese
289 4688 416 4742 Urlrunde
443 4688 500 4756 gibt
519 4686 646 4755 Zeugniss
671 4703 721 4740 ron
740 4685 801 4739 dem
827 4685 911 4738 dureh
931 4684 974 4738 die
993 4684 1160 4754 Kriegslauie
1188 4682 1320 4751 herulige-

127 4777 272 4834 lommenen
291 4777 461 4833 linanziellen
486 4777 619 4836 lustande
645 4777 692 4832 des
720 4775 825 4832 Sliites.
850 4775 953 4830 Daraul
977 4773 1073 4828 weisen
1102 4773 1170 4827 such
1199 4771 1242 4826 die
1269 4771 1320 4826 den
