3242 5350
1235 446 1311 518 233

137 627 208 687 cesis
224 624 358 687 Salutem
386 632 417 688 et
445 627 565 688 sincere
592 625 750 689 voluntatis
778 624 927 688 affectum.
952 625 1008 688 Pro
1033 631 1118 706 parte
1138 628 1188 685 tuo
1215 640 1316 686 eornm

134 732 212 795 uobis
238 735 424 816 propositum
453 734 567 805 extitit,
601 732 681 817 quod
708 735 737 796 in
761 732 942 795 blonasterio
959 730 1129 795 llonialium
1156 731 1185 792 in
1201 728 1315 792 Newn-

135 841 219 921 burga
236 839 318 903 Cure
333 848 384 904 tua
405 839 608 905 subiectarum
633 842 709 917 vltra
731 845 872 904 statutum
896 860 1052 903 numerum
1071 841 1238 903 iuramento
1259 836 1315 899 lir-

133 958 232 1013 matum
255 972 291 1014 ac
314 949 412 1015 felicis
434 952 662 1015 recordacionis
687 951 835 1034 quondam
858 950 968 1014 domini
990 948 1178 1015 meurdi
1193 947 1313 1034 prede-

134 1059 259 1122 cessoris
273 1059 379 1123 τιθείη·
394 1060 574 1123 auctoritate
591 1059 745 1131 vallatum,
766 1061 858 1124 Certe
869 1079 1008 1145 persone
1023 1058 1057 1121 io
1071 1054 1314 1144 prebendarius,

137 1186 195 1228 cum
211 1165 351 1229 obstante
375 1172 485 1230 statuto
501 1166 672 1231 huiusmodi
689 1169 718 1230 in
735 1165 957 1230 Conventuales
973 1165 1071 1248 recipi
1087 1184 1145 1227 non
1163 1167 1312 1246 poterant,

133 1276 171 1337 cd
194 1274 382 1361 inportunos
407 1276 590 1362 principum
626 1283 659 1341 et
685 1276 821 1341 aliorsus
844 1281 1011 1362 potentum
1037 1272 1215 1338 instancior
1240 1276 1314 1335 eunt

132 1390 260 1468 recepte.
285 1382 328 1445 Ex
343 1403 468 1466 quarum
485 1384 600 1467 dispari
616 1384 674 1447 ritu
691 1404 765 1466 erga
782 1384 936 1466 professas
957 1379 1096 1445 nonnulla
1112 1380 1143 1441 in
1159 1378 1315 1442 conventu

133 1490 259 1575 predicto
282 1491 423 1555 scandala
438 1491 628 1557 ventilantur.
654 1491 719 1573 Qua
742 1512 832 1577 quum
850 1491 973 1555 abolere
991 1488 1165 1558 desideras,
1190 1487 1229 1550 de
1251 1488 1313 1550 cir·

131 1599 357 1682 cumspeccione
372 1606 423 1663 tua
440 1602 558 1683 plenam
576 1602 606 1663 in
624 1601 744 1665 donnino
761 1600 898 1663 fiduciam
915 1598 1079 1673 babentes,
1096 1595 1165 1660 Tibi
1181 1596 1315 1659 auctori·

131 1714 212 1771 tatem
235 1714 367 1772 nostram
388 1711 471 1773 circe
494 1715 635 1774 statutum
659 1711 825 1793 predictum
850 1714 881 1772 et
902 1708 959 1772 alia
982 1707 1081 1789 ipsum
1104 1703 1315 1784 contingencia

131 1818 348 1887 committimus,
373 1822 405 1880 vt
425 1818 504 1880 iurta
521 1819 744 1882 conscienciam
762 1824 842 1881 tuam
859 1814 992 1881 adhibito
1008 1814 1174 1897 peritorum
1189 1812 1315 1875 consilio

130 1926 225 1988 tacere
251 1925 320 1987 rice
348 1931 450 1987 nostra
479 1924 596 1996 valeas,
620 1925 698 2009 quod
728 1924 912 1988 Monosterio
939 1924 1078 2007 predicto
1105 1921 1257 2004 putareris
1284 1922 1315 1982 in

129 2032 268 2115 predictis
285 2034 478 2115 profuturum.
502 2033 610 2097 Datum
624 2034 755 2099 Patavii
774 2055 801 2096 x.
819 2031 884 2096 Kal.
903 2032 1019 2096 llarcii.

889 2155 958 2195 (ΞΜ.
974 2153 1055 2195 ΑηΙὶὶνὶ
1070 2156 1105 2195 lll.
1120 2154 1157 2193 tel.
1175 2153 1221 2192 tto.
1237 2153 1258 2192 b.

233 2245 303 2299 Cier.
323 2244 448 2299 Urkunde
470 2247 522 2301 lll
540 2248 594 2300 und
613 2247 740 2301 Urkunde
758 2247 822 2302 236.

613 2426 835 2506 ccxxxvi.
955 2505 960 2514 ,

127 2567 242 2640 Bisebofi
248 2568 346 2623 altbert
358 2587 416 2624 von
427 2569 537 2625 Pareae
559 2570 689 2640 bertdtipt
702 2569 753 2624 dna
778 2567 880 2626 stator
892 2569 1036 2643 Stcplronr
1049 2568 1111 2624 und
1123 2569 1172 2624 cler
1188 2566 1315 2641 Capitale

127 2676 175 2712 ron
196 2658 449 2730 Kloaterneuburp,
471 2658 629 2731 betreffend
651 2660 705 2716 den
728 2659 950 2717 Personalstcud
974 2660 1022 2715 des
1041 2657 1315 2732 Cborfrcrrcrrrtifles

34 2759 35 2766 ’
645 2750 774 2805 danelbet.

483 2878 543 2930 Dat.
562 2878 660 2932 Possau
680 2879 724 2932 27.
744 2878 861 2932 Februar
880 2879 960 2932 1330.

211 3006 241 3066 ln
265 3007 385 3067 nomine
401 3004 511 3068 domini
530 3052 538 3068 .
556 3008 648 3068 Amen
667 3052 674 3066 .
692 3003 755 3068 Nos
772 3008 918 3071 ailbertus
939 3006 994 3070 dei
1010 3005 1128 3092 procia
1143 3003 1313 3068 Patavien·

126 3113 166 3175 sis
181 3113 361 3200 Episcopus
378 3111 413 3175 ad
432 3120 605 3196 perpetuam
623 3114 666 3176 rei
683 3115 866 3178 memoriam.
892 3114 1106 3186 Attendentes,
1124 3112 1204 3198 quod
1221 3111 1313 3174 effre-

127 3227 190 3284 nata
206 3240 403 3303 personarum
421 3223 619 3286 numerositas
635 3223 664 3285 in
682 3223 824 3285 ecclesiis
841 3224 993 3298 instituta,
1017 3221 1178 3305 presertim
1199 3219 1312 3293 tolium,

127 3349 180 3411 que
201 3327 256 3391 sub
278 3327 382 3391 habitu
405 3333 436 3391 et
458 3331 650 3411 professione
673 3330 845 3412 disparibus
868 3331 1036 3406 sociantur,
1060 3331 1193 3414 ipsarum
1215 3331 1313 3392 iocul-

125 3443 197 3500 tates
221 3437 376 3508 exhaurit,
407 3438 522 3501 racioni
546 3459 601 3501 non
625 3440 784 3520 congruit,
816 3439 955 3503 scandala
978 3445 1104 3522 generat
1128 3445 1159 3501 et
1186 3438 1312 3510 inducit,

125 3543 267 3607 Statutum
291 3546 514 3627 infrascriptum
536 3544 574 3610 de
591 3553 694 3611 nostro
719 3546 909 3630 beneplacito
932 3552 963 3610 et
984 3567 1134 3611 consensu
1156 3567 1192 3610 ex
1213 3548 1312 3611 causis

124 3653 277 3733 premissis
306 3657 448 3716 statutum
467 3639 655 3718 'auctoritate
683 3655 836 3718 ordinaria
859 3661 889 3717 et
912 3676 948 3718 ex
972 3663 1054 3719 certa
1079 3654 1213 3719 sciencia
1238 3674 1312 3719 con-

126 3758 290 3834 firmamus,
315 3760 492 3824 Mandantes
510 3763 718 3826 nichilominus
734 3765 889 3846 preposito
905 3762 941 3825 N.
954 3763 1074 3826 Decono
1102 3762 1216 3847 totique
1231 3760 1312 3825 Con-

125 3870 232 3941 rentui,
249 3889 285 3931 ac
301 3869 504 3951 singularibus
520 3871 659 3954 personis
670 3870 848 3935 Monosterii
864 3869 1122 3952 Newnburgensis
1139 3872 1312 3934 cuiuscum-

125 3994 179 4056 que
197 3975 384 4039 condicionis
402 3981 452 4039 aut
468 3982 564 4040 status
582 3981 710 4042 existant
726 3977 781 4041 sub
798 3998 874 4061 pena
892 3979 1099 4061 suspensionis
1118 3977 1154 4042 ab
1170 3979 1311 4060 ingressu

125 4082 269 4153 ecclesie,
296 4102 384 4165 quam
400 4084 480 4146 ultra
497 4106 604 4168 penam
630 4087 753 4170 periurii
778 4087 946 4150 monicione
971 4089 1118 4171 premisso
1140 4088 1169 4149 in
1192 4095 1313 4150 contra-

123 4191 267 4254 facientes
295 4190 420 4254 ierimus
437 4194 466 4254 in
483 4193 541 4255 biis
558 4193 699 4277 scriptis,
723 4194 876 4276 Quatenus
892 4195 990 4277 ipsum
1007 4199 1148 4260 statutum
1165 4195 1204 4258 de
1221 4194 1312 4260 uerbo

123 4296 305 4361 adverbum
329 4297 508 4372 observent,
534 4321 591 4365 nec
615 4307 720 4366 contra
744 4303 860 4387 ipsum,
885 4301 933 4367 rel
955 4307 1019 4367 eius
1043 4309 1173 4367 mentem
1196 4303 1312 4368 directe

124 4404 166 4468 rel
188 4404 342 4469 indirecte
358 4426 413 4490 per
429 4429 480 4484 se,
505 4409 553 4474 rel
570 4409 675 4483 olium,
700 4418 750 4474 aut
766 4410 842 4474 alios
859 4411 915 4476 sub
932 4432 1120 4498 quocumque
1144 4413 1247 4476 colore
1261 4417 1313 4476 aut

125 4514 208 4578 modo
230 4514 350 4577 veniant
371 4514 428 4581 rllo
452 4516 549 4581 modo.
574 4520 676 4582 Tenor
697 4525 796 4584 autem
819 4520 922 4583 statuti
946 4522 1076 4605 predicti
1099 4521 1168 4585 telis
1192 4529 1254 4585 est:
1279 4521 1312 4584 ln

125 4623 240 4687 nomine
257 4622 374 4687 domini.
399 4630 503 4690 Amen.
528 4626 591 4691 Nos
607 4629 804 4716 Stephanus,
828 4631 1038 4697 miseracione
1059 4630 1168 4695 divina
1189 4651 1311 4718 propo-
