3242 5350
884 726 951 796 Lll.

326 876 388 931 Der
412 878 537 951 Pforrsr
554 878 702 934 Friedrich
727 898 783 935 uon
808 879 1082 937 Nicderbollabrunn
1109 883 1251 953 beetdtipt‚
1278 882 1344 937 class
1366 880 1421 936 den
1443 896 1502 934 oon

325 969 584 1042 Dionesnnbiscbofe
600 971 796 1044 auspestellten
815 972 1017 1042 Redinpnnpen
1035 991 1130 1042 saepen
1150 973 1318 1041 Ertbeilnnp
1332 970 1503 1045 pforrlieber

379 1060 483 1116 liecbte
500 1062 554 1133 seir
573 1061 619 1117 die
641 1062 807 1137 capellense
826 1063 1081 1133 Hernoybicrboum
1102 1064 1217 1133 Gensipe
1233 1062 1387 1134 pescbelren
1404 1061 1453 1115 sei

666 1189 724 1245 Dat.
744 1191 902 1245 Hollubrunu
922 1191 964 1245 ll.
983 1191 1061 1245 Febr.
1085 1191 1163 1246 1294.

412 1320 477 1402 ligo
489 1319 674 1386 Fridericus
684 1321 838 1406 plebanus
849 1322 981 1386 ecclesie
996 1321 1031 1384 in
1042 1320 1219 1385 bolobnsnn
1230 1317 1391 1403 inferioris
1401 1322 1503 1381 tenore

326 1430 515 1510 presencium
532 1427 677 1492 confiteor
692 1435 723 1493 et
737 1436 903 1514 protestor,
921 1429 998 1512 quod
1014 1428 1179 1516 plebescni
1192 1428 1254 1491 mei
1272 1429 1505 1513 frepneeotnsrtes

322 1558 421 1601 meam
441 1538 571 1622 filiolam
592 1538 756 1603 ecclesiam
773 1540 806 1602 in
829 1538 1113 1626 berceoppirboosn
1130 1537 1276 1602 videlicet
1290 1537 1392 1600 incole
1412 1536 1503 1600 villo·

321 1668 390 1711 runs
406 1646 689 1736 berceoppirboom,
709 1649 883 1733 Ottendorf,
896 1649 1102 1733 Plintendors
1110 1656 1140 1713 et
1154 1646 1293 1718 Nescis,
1310 1647 1415 1710 onnia
1427 1667 1504 1733 per·

318 1758 464 1840 fecerunt
479 1765 510 1822 et
525 1758 766 1844 compleverunt,
778 1779 838 1845 qne
849 1779 912 1845 pro
928 1758 1133 1844 cncnepcione
1148 1755 1322 1821 residentis
1333 1755 1505 1821 sacerdotis

322 1871 353 1929 et
375 1867 535 1952 sepulture
555 1873 744 1932 monteronem
766 1868 962 1954 aliorumque
979 1867 1220 1954 porreccionnon
1241 1871 1505 1930 sacramentorum

322 1973 452 2037 ecclesie
467 1974 554 2037 soloo
563 1974 642 2059 jure
657 1977 789 2040 ecclesie
798 1974 1003 2061 parocbiclis
1026 1981 1056 2038 et
1067 1975 1200 2062 plebani
1218 1973 1259 2038 de
1274 1973 1452 2037 bolobrnnn
1468 1973 1507 2038 de

320 2082 512 2148 instituendo
530 2090 562 2148 et
575 2085 771 2150 destituendo
786 2086 950 2151 sacerdote
966 2084 1080 2150 ibidem
1096 2085 1129 2149 in
1145 2084 1322 2171 episcopali
1332 2083 1503 2170 privilepio

322 2192 535 2266 continentur,
559 2193 616 2259 boc
632 2200 694 2267 est.
718 2195 796 2280 quod
820 2195 1014 2279 quadraginta
1037 2199 1153 2277 septem
1178 2193 1268 2257 libras
1290 2192 1504 2256 wiennensium

320 2300 525 2376 denariorum,
548 2304 577 2367 in
603 2303 709 2387 quibus
735 2323 790 2387 pro
821 2304 1014 2388 exempciune
1029 2302 1214 2371 ‚tenebantur
1242 2303 1310 2366 sice
1333 2301 1503 2366 reddituum

319 2417 445 2495 quatuor
460 2410 604 2475 librarum
620 2418 689 2496 post
708 2411 876 2477 incendium
900 2418 929 2475 et
945 2411 1095 2476 iundalem
1111 2411 1349 2478 destruccionem
1372 2411 1504 2476 ecclesie

319 2519 501 2604 parochialis
517 2519 739 2585 reedificaeioni
755 2526 785 2585 et
798 2521 999 2585 materialibus
1015 2520 1233 2607 impenderunt.
1246 2519 1290 2584 lta
1306 2528 1337 2583 ut
1348 2520 1429 2584 sicut
1439 2541 1504 2584 mea

320 2650 374 2715 pro
390 2630 596 2715 incomputatis
609 2630 699 2696 rebus
716 2631 761 2696 sic
774 2650 874 2696 eorum
887 2652 940 2716 pro
953 2630 1116 2716 pretaxatis
1129 2629 1249 2695 talentis
1261 2630 1427 2713 parochiali
1444 2631 1504 2696 doti

317 2740 466 2823 impositis
479 2745 624 2827 perpetua
637 2741 777 2805 memoria
789 2740 943 2804 habeatur.
956 2742 1028 2806 ltem
1041 2739 1172 2803 residuis
1184 2740 1289 2822 viginti
1300 2738 1396 2804 tribus
1408 2739 1503 2805 talen-

316 2848 354 2910 tis
368 2848 598 2920 wiennensibus.
611 2851 711 2935 quein
727 2849 884 2933 privilegio
897 2848 1058 2934 episcopali
1076 2850 1275 2921 continentur,
1289 2848 1327 2913 de
1339 2869 1394 2913 sue
1408 2849 1501 2914 devo-

320 2957 415 3021 cionis
432 2959 540 3022 virtute
557 2959 767 3022 necessitatem
783 2958 929 3024 addentes
945 2963 1192 3042 comparaverunt
1207 2959 1365 3047 inteprnm
1381 2960 1507 3023 laneum

318 3067 410 3131 situm
426 3067 460 3130 in
476 3067 584 3131 codem
600 3070 678 3132 villo
694 3068 969 3157 bercnoppirbocna
991 3069 1080 3156 opud
1095 3069 1274 3156 Gensnpum
1286 3069 1384 3154 filium
1409 3070 1503 3133 Leut-

218 3245 222 3254 ,
315 3178 416 3264 poldi‚
433 3179 473 3240 ita
489 3176 568 3261 quod
583 3178 726 3241 dominns
740 3176 924 3242 Gerbnrdns
943 3178 982 3241 de
1000 3179 1170 3242 Oberseeze
1185 3180 1398 3261 proprietatem
1421 3177 1504 3241 fundi

318 3306 373 3370 pro
398 3286 467 3350 dote
492 3285 573 3349 dedit
598 3307 695 3373 super
717 3289 821 3351 altare
847 3308 872 3350 s.
895 3286 1052 3352 lobannis
1073 3287 1208 3373 baptiste
1234 3287 1365 3373 pnt‘roni
1387 3287 1503 3352 ibidem

319 3396 432 3480 etipse
451 3397 615 3482 Gernnpns
636 3396 682 3458 ius
699 3395 818 3459 feodale
834 3417 925 3480 super
941 3396 1051 3460 dietum
1073 3396 1167 3459 altare
1182 3395 1319 3459 similiter
1339 3396 1505 3477 resignavit

319 3505 372 3568 tali
389 3511 486 3567 nmen
503 3503 697 3577 condicione,
719 3510 752 3568 ut
773 3505 839 3589 ipse
856 3504 1015 3588 Gerungus
1038 3525 1142 3568 omnes
1158 3525 1248 3587 agros
1270 3505 1404 3570 eiusdem
1427 3504 1505 3569 lanei

318 3633 371 3697 pro
387 3613 541 3677 solucione
557 3612 653 3685 civili,
679 3613 820 3678 videlicet
842 3615 1067 3699 quatuordecim
1090 3614 1252 3680 solidorum
1269 3614 1449 3678 Wiennens.
1473 3616 1502 3678 iu

317 3721 366 3786 die
383 3723 463 3787 beati
480 3721 604 3806 Georgii
620 3722 896 3806 persolvendorum,
913 3724 977 3788 iure
993 3724 1177 3790 hereditario
1194 3722 1365 3809 possideat,
1390 3727 1422 3787 et
1443 3723 1500 3788 duo

317 3830 367 3896 alii
383 3831 438 3895 sub
455 3831 648 3895 institucione
664 3835 695 3896 et
707 3832 908 3897 destitucione
923 3833 1043 3918 plebani
1059 3833 1098 3896 de
1114 3832 1277 3897 bolabrunn
1290 3834 1340 3916 qui
1355 3852 1410 3916 pro
1422 3837 1502 3896 tem·

315 3962 389 4025 pore
398 3941 544 4006 luerintin
556 3940 660 4004 eadem
669 3962 738 4005 area
751 3943 932 4017 residentes,
945 3945 1100 4030 sexaginta
1112 3940 1215 4007 denar.
1230 3943 1337 4005 wicum
1351 3943 1381 4004 in
1393 3940 1501 4006 eodem

315 4051 441 4114 termino
457 4047 633 4134 persolvere
649 4055 815 4114 teneantur.
838 4051 875 4115 lit
890 4052 936 4115 ius
960 4053 1162 4116 institucionis
1181 4056 1212 4115 ct
1228 4050 1437 4115 destitucionis
1461 4051 1499 4115 de

317 4159 399 4243 agris
415 4158 573 4224 duodecim
590 4165 620 4223 et
635 4159 673 4223 de
689 4180 759 4223 area
775 4181 828 4224 sex
844 4166 892 4224 est
907 4161 1083 4225 condicione
1098 4167 1244 4246 perpetuo
1261 4147 1439 4233 institutuin,
1459 4163 1500 4223 ita

316 4270 394 4355 quod
411 4269 500 4334 michi
517 4276 549 4335 et
564 4270 700 4334 omnibus
717 4270 946 4334 successoribus
962 4271 1006 4334 ius
1023 4270 1179 4344 libertatis,
1196 4271 1273 4356 quod
1290 4271 1320 4334 iu
1336 4269 1402 4334 aliis
1419 4269 1500 4335 doti·

316 4379 372 4442 bus
389 4376 541 4451 habemus.
558 4378 672 4443 firmum
689 4384 720 4442 et
735 4381 883 4460 integrum
901 4380 1075 4444 remanebit.
1092 4381 1218 4464 iusuper
1234 4379 1391 4464 completis
1403 4380 1499 4444 omui·

314 4488 369 4551 bus
386 4488 565 4572 supradictis
589 4488 737 4552 dederunt
753 4488 846 4553 micbi
869 4488 974 4553 decem
999 4488 1089 4553 libras
1106 4488 1228 4553 Wienn.
1250 4509 1305 4573 pro
1329 4488 1443 4552 bonore
1468 4493 1499 4552 et

315 4598 467 4662 commodo
484 4598 542 4662 sibi
559 4599 648 4671 iacto,
666 4604 695 4661 et
712 4606 959 4682 comparaverunt
973 4600 1019 4662 ius
1036 4599 1124 4662 civile
1140 4599 1293 4663 cuiusdam
1313 4618 1393 4671 aree,
1410 4599 1497 4662 cuius

313 4714 409 4770 tamen
426 4705 547 4771 fundum
564 4712 594 4771 et
613 4706 828 4792 proprietatem
850 4708 975 4793 quedam
998 4706 1085 4772 vidua
1101 4708 1218 4772 nomine
1242 4707 1389 4772 Reicbcza
1414 4705 1497 4772 beati
