3242 5350
1265 436 1339 508 173

146 609 276 692 graciam
295 628 380 673 sunm
402 614 434 674 et
454 628 542 673 omne
563 607 682 674 bonum.
699 607 880 690 bargiflusm
901 608 1003 673 dirine
1024 609 1192 674 Maiestatis
1208 611 1341 693 graciam

147 726 210 781 tono
226 717 319 782 nobis
335 720 525 802 pertinenter
541 724 573 780 et
588 716 711 800 proprie
726 718 941 789 vendicamus,
960 739 1026 784 oum
1043 740 1090 794 ea,
1116 740 1175 805 que
1192 719 1228 784 nd
1245 720 1342 804 ipsius

147 823 263 888 laudem
279 830 313 888 et
326 824 472 889 honorem
489 824 521 888 in
537 823 672 887 humanis
688 825 807 890 actibus
823 827 1103 893 commendabiliter
1118 829 1253 893 ordinato
1270 848 1343 893 con-

145 935 301 1018 spicimus,
313 932 442 998 Nedum
453 938 520 997 rata
531 938 649 1006 tenere,
660 935 732 1017 quin
746 936 806 997 imo
822 934 992 1019 approbare
1008 942 1040 1000 ct
1053 936 1195 1000 innovare
1212 937 1344 1001 clemen·
1412 1002 1416 1009 ,

146 1047 186 1105 ter
202 1061 350 1106 auram
366 1040 532 1123 evellendo
543 1061 598 1124 per
612 1041 671 1105 hoc
686 1042 954 1126 imperieocionem
970 1064 1030 1129 qne
1046 1045 1192 1109 humanos
1209 1050 1294 1108 actus
1311 1049 1344 1108 ut

146 1148 304 1232 plurimum
329 1149 500 1213 comitatur.
531 1147 668 1212 inclinati
685 1140 798 1234 ¹ittaque
825 1152 1049 1217 honorabilium
1078 1157 1110 1216 et
1131 1152 1343 1237 religiosorum

146 1261 277 1323 uirorum
305 1258 345 1322 N.
373 1259 526 1343 Prepositi
547 1259 722 1344 Tociusqoe
749 1256 879 1342 Capituli
904 1259 1045 1325 Ecclesie
1067 1259 1344 1341 Nenenburgensis

146 1368 333 1432 Patariensis
352 1367 509 1451 Dyocesis,
526 1366 702 1432 devotorum
715 1372 884 1431 noshorum
897 1367 1075 1432 dilectorum
1093 1369 1210 1434 devotis
1227 1367 1344 1453 suppli-

148 1476 335 1548 cacionibus,
352 1481 385 1541 nt
400 1473 544 1540 videlicet
555 1475 703 1560 quoddam
720 1474 911 1559 priuilegium
928 1477 1004 1561 ipsis
1017 1478 1165 1562 quondam
1180 1476 1218 1540 ab
1233 1476 1346 1540 illustri

147 1583 305 1649 Friderico
314 1586 401 1650 Duce
413 1586 534 1649 bustric
546 1591 578 1647 et
590 1584 690 1668 Styrie
703 1585 753 1668 pie
765 1584 992 1649 recordacionis
1005 1587 1156 1659 traditum,
1167 1585 1345 1650 confirmare

147 1701 174 1757 et
184 1695 334 1757 innovare
347 1694 387 1757 de
399 1693 486 1757 solita
503 1693 698 1776 benignitatis
712 1700 816 1757 nostre
831 1695 935 1775 gracia
951 1694 1151 1776 dignaremur.
1169 1694 1262 1777 Cujus
1277 1695 1346 1779 qui·

149 1801 211 1866 dem
229 1801 393 1884 Pririlegii
416 1808 504 1866 tenor
524 1802 595 1865 talis
610 1807 657 1865 est
675 1800 759 1887 (hier
784 1800 862 1884 iolgt
876 1802 998 1882 Herzog
1013 1801 1199 1867 Friedrich's
1215 1801 1347 1868 Privile-

149 1912 228 1993 glum
246 1932 317 1974 vom
338 1911 391 1973 13.
410 1909 492 1973 Mira
512 1911 609 1974 1231.
626 1909 754 1973 Fischer
770 1910 804 1973 ll.
824 1908 917 1996 185).
941 1911 1003 1974 Nos
1020 1911 1060 1974 de
1080 1911 1203 1993 Regalis
1225 1909 1346 1974 munitl-

148 2022 252 2084 cencie
277 2019 462 2093 clemencia,
495 2018 597 2083 hahita
618 2017 829 2083 nichilominus
859 2021 1116 2087 consideracione
1138 2021 1202 2085 uita
1226 2020 1346 2095 celibis,

50 2114 52 2123 '
148 2150 207 2216 pron
223 2129 317 2202 dicti,
342 2129 383 2193 N.
400 2129 588 2216 Propositus
615 2135 647 2192 at
670 2128 851 2215 Capitulum
873 2151 938 2217 pra
965 2132 1080 2195 ameris
1099 2130 1197 2195 uelud
1215 2131 1348 2194 lucerua

149 2240 255 2301 lacerat
275 2237 313 2301 iu
328 2236 420 2301 domo
436 2237 574 2311 Dasmini,
588 2257 650 2323 psa
662 2237 762 2301 emam
778 2258 841 2301 non
858 2236 990 2325 indigna
1008 2238 1216 2325 prerogativa
1235 2236 1347 2325 gracia

149 2352 256 2409 nostra
279 2345 436 2410 dorcoraan
460 2345 571 2433 afferri
592 2365 746 2420 meruere,
773 2343 967 2426 Pririlegium
989 2366 1056 2409 cum
1079 2349 1142 2408 toto
1165 2364 1219 2409 suo
1241 2351 1348 2409 tenore

149 2453 263 2517 inserto
292 2451 488 2543 presentibus
516 2452 705 2516 decernimus
734 2459 847 2527 ratum,
874 2458 991 2534 gratum
1020 2460 1053 2518 et
1080 2453 1164 2526 utile,
1191 2454 1348 2538 ipsumque

150 2561 368 2646 approbamus,
391 2561 563 2623 innovamus
587 2564 618 2623 et
640 2561 793 2644 presentis
810 2560 923 2644 Scripti
941 2559 1111 2625 Patrocinio
1128 2561 1347 2629 confirmamus.

151 2668 309 2742 tolentes,
322 2676 356 2733 ut
367 2667 560 2734 successivis
575 2667 759 2754 temporibus
776 2689 792 2732 a
809 2668 897 2732 nobis
910 2674 941 2733 et
956 2689 971 2731 a
989 2670 1101 2735 nostris
1113 2668 1349 2734 successorihus

153 2778 244 2843 nichil
273 2779 314 2841 de
337 2776 407 2858 jure
434 2776 481 2841 vel
507 2776 545 2840 de
570 2778 650 2840 iacto
675 2777 704 2840 in
729 2776 912 2841 contrarium
935 2782 1137 2863 attemptetur.
1169 2777 1248 2842 Nulli
1273 2797 1349 2858 ergo

151 2889 270 2951 omnino
281 2888 435 2949 hominum
448 2883 540 2950 liceat
549 2886 627 2949 hanc
636 2892 741 2951 nostre
755 2885 981 2959 ratificacionis‚
998 2886 1247 2971 approbacionis,
1263 2888 1348 2949 inno·

151 2997 287 3060 racionis
304 2999 335 3058 ct
351 2994 590 3059 confirmacionis
607 2994 745 3078 paginam
762 2995 947 3077 intringere.
971 2994 1066 3058 antei
1090 3014 1162 3058 ausu
1187 2993 1349 3058 temerario

153 3105 314 3168 contraire.
341 3103 398 3185 Qui
420 3121 491 3165 vero
514 3121 603 3168 secus
619 3101 737 3174 iecerit,
761 3121 885 3185 gravem
903 3107 1005 3166 nostre
1021 3104 1188 3186 blajestatis
1206 3104 1350 3166 offensam

153 3234 188 3276 se
205 3214 322 3278 nouerit
339 3212 512 3275 incurrisse.
535 3211 565 3274 ln
584 3210 671 3291 cujus
687 3212 731 3274 rei
749 3210 951 3274 testimonium
968 3219 1126 3295 presentes
1142 3210 1259 3274 litteras
1277 3230 1351 3275 con-

153 3320 264 3394 scribi,
289 3319 447 3401 nostrique
467 3317 571 3398 Sigilli
593 3318 703 3382 robore
726 3320 852 3382 lecimus
874 3319 1063 3383 communiri.
1089 3320 1196 3382 Datum
1222 3319 1351 3383 Wcane

153 3429 230 3493 llll⁰
244 3430 311 3494 Kal.
329 3426 457 3509 Augusti
474 3445 550 3488 anno
568 3425 685 3490 Domini
702 3425 864 3493 hlillesimo
881 3428 1110 3492 Trecentesimo
1128 3427 1244 3493 decimo
1262 3446 1350 3496 nono,

158 3538 253 3620 Regni
271 3537 336 3601 reri
353 3536 448 3600 nostri
464 3535 546 3597 bnno
563 3536 675 3618 quinto.

243 3680 303 3733 Orig.
318 3680 381 3731 Pcrg.
394 3677 463 3733 (rme
474 3675 500 3718 ll·
510 3676 546 3717 llr.
559 3675 621 3729 189.)
630 3675 758 3717 Friedrich's
768 3674 942 3730 htajestitsalegsl
957 3690 982 3718 an
997 3678 1053 3718 einer
1063 3678 1184 3731 rotbgclbcn
1194 3678 1352 3717 Seidenachnnr.

244 3787 300 3842 Fon
315 3789 365 3842 der
375 3787 551 3859 Restatigung
563 3786 650 3841 dieses
662 3783 842 3855 Pririlegiums
855 3789 926 3839 aetat
937 3786 968 3839 K.
982 3786 1117 3842 Friedrich
1130 3804 1171 3840 nm
1184 3787 1229 3842 25.
1242 3786 1296 3840 luli
1309 3786 1353 3839 die

155 3879 403 3934 Domo-blauthner
419 3878 472 3933 und
486 3896 519 3933 an
535 3879 687 3933 demselben
703 3876 779 3947 Tage
792 3876 891 3948 (nicht,
903 3877 953 3931 wie
964 3878 1016 3931 Per
1026 3876 1093 3932 (lod.
1106 3877 1170 3950 dipl.
1191 3878 1231 3932 lll.
1244 3878 1261 3932 a
1274 3880 1352 3933 aetat

155 3970 238 4025 tntu
253 3971 328 4042 liat.)
343 3971 386 4024 die
404 3970 483 4025 Stodt
495 3971 547 4024 lius
561 3970 587 4023 in
600 3969 753 4023 Kenntniss.
768 3967 901 4039 (hbgcdr.
915 3968 957 4022 bei
971 3969 1080 4023 Fischer
1092 3968 1123 4022 ll.
1136 3968 1190 4024 348
1203 3969 1256 4023 und
1270 3967 1350 4039 349).

156 4061 199 4114 bn
211 4060 304 4115 beiden
317 4060 462 4115 Urhundcn
474 4062 510 4114 ist
522 4060 667 4114 richarii-ts
681 4058 727 4113 dns
738 4058 915 4127 Secretsiegsl
929 4057 1088 4113 Friedrich's
1106 4059 1131 4112 in
1142 4059 1244 4113 rothem
1254 4057 1351 4111 Wnchs

155 4151 342 4221 tnfgedrncht,
361 4152 476 4206 welches
495 4151 547 4205 den
559 4150 698 4205 eininchen
711 4149 793 4203 Adler
805 4149 885 4219 aeigt,
905 4151 953 4205 wie
967 4166 997 4204 er
1009 4150 1058 4204 aui
1067 4149 1118 4203 den
1132 4149 1353 4217 SecretSiegeln

154 4239 287 4312 Ludwig’s
301 4258 351 4295 ron
362 4241 455 4296 baiern
469 4240 552 4312 (Mon.
567 4241 639 4294 Boic.
652 4239 711 4294 Vol.
725 4239 766 4294 lli.
778 4239 843 4295 Tab.
857 4240 875 4293 l.
891 4258 915 4294 n.
929 4241 954 4294 3.
972 4240 1006 4295 lv
1018 4240 1073 4294 und
1087 4239 1124 4312 t)
1147 4239 1197 4294 und
1211 4238 1297 4294 Knrl's
1310 4239 1351 4292 lv.

157 4329 242 4401 (lton.
254 4333 325 4386 Boio.
339 4332 396 4385 Vol.
410 4333 451 4386 xl.
465 4331 523 4385 Tnb
536 4330 601 4386 Vlll.
619 4331 664 4385 Nn.
678 4331 730 4404 42)
746 4331 887 4392 eracheint,
900 4331 968 4385 doch
982 4332 1089 4385 bedient
1107 4331 1163 4385 sich
1182 4328 1293 4398 Ludwig
1305 4329 1353 4383 des

157 4422 255 4476 Adlers
274 4423 341 4477 auch
361 4422 482 4477 cuidem
501 4420 733 4490 blojestdtssiegel,
753 4437 806 4474 was
826 4421 868 4473 bei
887 4420 919 4473 ll.
940 4421 1076 4476 Friedrich
1095 4420 1168 4475 nicht
1180 4421 1228 4476 der
1241 4420 1297 4473 Fall
1311 4420 1354 4474 ist.

160 4510 213 4565 llic
224 4512 364 4568 llmsehritt
377 4514 477 4567 tentet:
496 4511 519 4580 †
537 4509 707 4566 FltlDEthll
720 4519 727 4566 .'
740 4509 800 4564 nni
813 4547 820 4563 .
834 4510 902 4564 Gna
918 4553 924 4565 .
938 4510 1042 4567 REGIS
1055 4551 1061 4563 .
1074 4510 1155 4565 uon.
