3242 5350
674 757 755 828 XXI.

126 909 247 965 ddelteo'd
264 926 320 964 oon
339 911 447 965 nrum
463 910 579 965 sensnm
600 908 652 965 der
670 911 777 966 Kirelse
794 928 833 965 aa
851 912 1070 983 Panmomdorf
1088 910 1136 966 cin
1157 910 1252 967 beben
1277 926 1314 965 ss

633 1000 794 1057 Nessieded

456 1112 518 1166 Dat.
536 1110 972 1167 caesorumcaesorum.

202 1236 348 1301 Omnibus
371 1243 432 1301 tarn
449 1239 643 1322 presentibus
662 1260 748 1325 quam
773 1240 899 1312 tuturis,
922 1240 958 1303 ad
975 1259 1049 1324 quos
1065 1258 1193 1323 presens
1215 1239 1314 1324 scrip-

123 1351 174 1408 tum
189 1346 379 1427 peruenerit.
398 1348 581 1419 innotescat,
599 1347 678 1430 quod
695 1369 752 1435 epo
772 1348 918 1413 Albeidis
933 1349 1019 1414 dicta
1034 1350 1075 1413 de
1086 1369 1217 1434 prunae
1239 1346 1317 1411 dedi

122 1455 240 1519 ecclesie
254 1456 367 1519 sancti
385 1456 523 1527 Martini
542 1456 576 1519 in
591 1457 841 1535 Paezmonstorf,
863 1457 898 1519 in
920 1457 1010 1522 cuiue
1024 1457 1145 1543 premio
1161 1477 1233 1520 osec
1252 1455 1316 1540 ptis·

123 1562 176 1625 nri
184 1564 297 1627 ocem
308 1565 470 1650 pecudum
485 1565 525 1628 de
537 1556 666 1651 prunae
677 1564 785 1647 felicio
799 1565 949 1628 mememe
959 1564 1173 1650 requiescunt,
1186 1564 1220 1627 in
1232 1564 1315 1627 Neo-

123 1671 195 1733 ridct
212 1672 342 1735 lucem
360 1692 455 1735 enum
477 1693 495 1734 r
517 1671 572 1734 sol.
597 1671 682 1734 annis
705 1670 835 1753 singulis
862 1671 1084 1754 persolventem
1104 1691 1159 1755 pro
1181 1670 1315 1735 remedio

126 1779 210 1840 anime
224 1780 283 1841 mei
300 1778 358 1842 filii
374 1779 540 1842 memorati.
565 1777 622 1860 Qui
643 1779 791 1863 siqnidem
812 1778 916 1842 laneus
939 1799 1005 1843 cum
1022 1780 1089 1844 aliis
1107 1779 1194 1843 bonis
1210 1778 1248 1843 ad
1268 1798 1316 1842 me

125 1905 154 1947 er
166 1888 246 1952 obitu
261 1887 394 1951 mine
411 1888 452 1952 dc
466 1890 601 1953 Rorowe
621 1888 750 1952 exstitit
765 1888 907 1973 lepitime
921 1888 1097 1953 devolutos.
1120 1887 1153 1951 ln
1171 1888 1255 1951 ouius
1271 1886 1317 1950 rei

123 1994 312 2059 testimonium
337 1996 479 2078 predicte
503 1994 635 2058 ecclesie
656 1994 731 2059 dare
753 1995 857 2059 curari
879 2015 946 2058 cunr
962 1995 1056 2076 sigilli
1074 1998 1133 2059 mei
1154 1995 1317 2058 munimine

123 2121 236 2184 presens
261 2105 414 2186 scriptum
440 2123 507 2167 cum
523 2103 651 2166 testibus
674 2102 855 2167 subnotatis.
878 2103 1032 2169 Heinrico
1047 2110 1163 2189 nepote
1183 2125 1252 2167 mco
1275 2104 1316 2167 dc

122 2230 251 2294 mone,
275 2211 435 2275 Hetaerice
459 2211 560 2275 mdite
585 2211 670 2275 dioto
689 2231 801 2297 pecus,
829 2211 986 2276 Atderone
1012 2211 1176 2299 meresape,
1207 2212 1313 2277 Ulrieo

121 2317 227 2403 plbrase
240 2318 423 2394 asceam,
441 2318 651 2390 Wernbcrdo.
672 2319 786 2384 Ottom
796 2320 882 2384 dicto
896 2340 1006 2406 pecco,
1029 2321 1203 2404 wolframo,
1215 2321 1316 2384 Hein-

124 2427 180 2490 rieo
202 2427 343 2491 Cbelncr
367 2433 399 2490 ct
416 2428 526 2510 fratre
549 2426 617 2491 eius
640 2426 857 2515 diurnum-do,
884 2428 1041 2514 Wolfpero
1065 2435 1097 2492 et
1120 2427 1316 2493 Wernbcrdo

124 2536 277 2601 ottonibus
299 2538 336 2600 in
356 2536 604 2619 Paczmcnstorf.
626 2536 734 2600 Actum
756 2539 787 2598 et
809 2533 911 2599 dutum
932 2535 962 2599 in
978 2537 1227 2620 Paczmcnstcrf
1240 2556 1317 2601 anno

126 2642 175 2706 llui
190 2644 232 2707 bll
248 2644 313 2710 00⁰
328 2644 448 2709 valr
465 2642 525 2708 vlt
541 2644 610 2709 ldus
627 2642 794 2707 Februarii.

768 2767 784 2806 a
799 2765 932 2807 translatio
946 2765 1029 2807 trebiri
1043 2768 1080 2808 ΙΙΙ.
1092 2767 1128 2814 ΙΙΙ,
1141 2767 1180 2808 tol.
1192 2768 1226 2812 ΙΙ,
1237 2778 1257 2806 ι.

668 2918 765 2988 ΧΧΙΙ.

125 3053 218 3129 Propat
253 3054 396 3111 Nicotaus
425 3055 486 3126 pite
515 3053 653 3110 Heinrich
687 3070 743 3107 oon
773 3053 970 3128 Stoicendorf
999 3056 1046 3110 ein
1075 3052 1317 3124 Beryrecbtflund

551 3143 742 3212 Bmitzunyen
757 3142 887 3200 cneum

366 3277 369 3281 ·
500 3255 560 3309 Dat.
579 3256 714 3310 lllostern.
733 3257 759 3312 d.
773 3255 834 3310 duni
854 3257 935 3312 tzor.

203 3368 236 3432 ln
252 3367 376 3431 nonnae
391 3369 496 3429 sancte
512 3372 542 3428 et
557 3363 711 3429 individue
727 3365 880 3430 trinitatis.
894 3385 991 3429 amen.
1004 3365 1070 3430 Noe
1084 3365 1248 3450 Nycolcoe
1264 3364 1318 3429 dei

125 3476 227 3562 procia
259 3474 449 3560 Propositus
475 3480 618 3561 canope
643 3481 813 3540 concentus
828 3474 973 3540 Ecclesia
987 3473 1258 3560 Neumdurpeneb
1279 3473 1317 3536 ad

127 3586 256 3648 noticiam
273 3591 336 3647 tam
348 3583 540 3665 presencium
556 3602 643 3667 quarn
660 3584 827 3647 futurorum
842 3583 978 3647 uolumus
994 3581 1164 3666 pervenire,
1182 3579 1262 3665 quod
1280 3579 1318 3643 de

129 3693 235 3757 eomnui
258 3710 414 3756 consensu
437 3695 539 3755 nostro
562 3692 715 3756 Heinrico
739 3691 874 3779 officiali
892 3691 934 3757 de
952 3690 1189 3775 Stoyccendoof
1202 3693 1234 3750 et
1255 3686 1319 3750 suis

128 3798 283 3863 heredibus
300 3800 351 3864 ius
366 3805 547 3865 montanam
562 3800 597 3863 in
612 3806 716 3863 monte
731 3799 969 3886 Stopezenpcrp
985 3803 1044 3861 tam
1058 3797 1214 3867 devincis,
1231 3814 1320 3880 quarn

131 3905 162 3970 de
175 3909 257 3989 agris
280 3907 370 3972 cultis
392 3910 424 3971 et
445 3906 565 3970 incultis
589 3928 653 3971 unu
670 3928 739 3972 cam
755 3908 892 3993 pomam
908 3928 987 3971 arec
1010 3914 1042 3970 et
1066 3906 1160 3969 uinea
1181 3902 1322 3968 Hiltrico

131 4016 278 4099 pandam
290 4016 428 4080 bedente
434 4015 609 4099 feodaliter
624 4013 803 4078 contulimus
820 4013 1014 4099 possidenda.
1026 4013 1100 4077 ltem
1113 4012 1212 4075 eidem
1225 4012 1320 4075 dona-

132 4124 216 4187 rimus
238 4146 309 4189 eom
328 4124 399 4189 iure
419 4122 618 4209 purobreebt
632 4123 783 4216 porcario
805 4124 841 4187 in
863 4121 1101 4206 Stopcacndors
1115 4123 1266 4208 plantata
1281 4118 1324 4182 de

131 4253 201 4297 aoso
215 4235 256 4298 dc
269 4252 408 4304 nemore,
425 4230 511 4317 quod
524 4232 617 4319 culpo
633 4231 785 4316 wepdeclu
800 4232 929 4303 dicitur,
946 4231 1024 4293 iuste
1042 4249 1078 4292 ac
1094 4226 1321 4292 racionabiliter

132 4338 164 4401 ab
178 4340 345 4404 bominibus
360 4338 472 4403 ibidem
489 4337 656 4422 redempta,
673 4345 706 4402 ut
721 4338 808 4402 nobis
821 4339 970 4403 annuatim
987 4338 1017 4401 in
1035 4339 1114 4402 sesto
1131 4336 1190 4399 scti
1206 4334 1321 4398 blictru-

132 4445 200 4512 lelis
220 4470 275 4532 pro
297 4468 391 4513 censu
417 4447 495 4511 xxxii
516 4447 655 4511 denarios
679 4447 718 4510 de
750 4446 865 4511 eisdem
886 4447 1007 4512 solvere
1030 4466 1089 4510 non
1113 4444 1258 4509 obmittat.
1286 4440 1319 4504 ln

135 4555 214 4620 buius
225 4559 270 4621 rei
281 4558 485 4621 testimonium
502 4554 560 4618 sibi
572 4552 709 4619 dedimus
724 4561 900 4639 presentem
915 4555 1033 4619 literam
1045 4556 1193 4636 signatam
1210 4548 1323 4632 sigillis

135 4665 237 4729 uostris
252 4666 281 4729 in
297 4666 417 4749 signum
438 4665 564 4728 evidens
585 4667 618 4726 et
632 4661 788 4727 cautelam.
806 4665 927 4728 Testes.
951 4665 992 4727 D.
1012 4663 1155 4745 Ortolsus
1171 4662 1324 4734 mennae,

163 4782 317 4828 unumne.
1070 4767 1088 4820 2
