3242 5350
1250 476 1326 547 435

138 650 320 715 sanctissimi
332 651 363 715 in
372 649 491 715 Christo
504 651 598 735 patris
611 655 642 715 et
653 650 763 715 domiui
779 652 885 728 nostri,
895 652 1006 716 domiui
1018 654 1262 742 Greaniipope
1274 655 1326 719 Xl.

137 762 221 824 ,luno
246 762 357 844 primo,
375 759 569 824 Prosentibus
586 759 812 825 honorabilibus
829 769 860 825 et
875 762 1017 825 discretis
1042 761 1115 826 viris
1138 769 1168 826 ct
1189 762 1326 834 dominis.

135 869 290 958 Moqr'stro
308 868 455 935 Jolranoe
479 869 677 936 ll'cnroiencr'c
701 879 731 936 et
759 870 953 936 Ardocencis
975 872 1192 937 Ecclesiorom
1223 874 1327 938 Cano-

136 980 207 1044 nico
223 987 256 1044 et
265 980 404 1067 plebano
421 980 455 1044 in
471 978 587 1063 bollion
603 982 766 1046 Patarico.
784 989 815 1045 ct
831 981 988 1064 Monictro
1001 980 1171 1046 Clerrnrodo
1184 983 1224 1046 dc
1235 984 1324 1048 Don-

29 1161 30 1164 ,
135 1097 212 1161 stat,
247 1090 385 1155 illustris
407 1089 572 1176 principis
599 1097 629 1154 et
644 1090 764 1154 domini
783 1091 900 1161 nostri,
923 1091 1043 1156 domiui
1057 1093 1211 1178 Lermolcli
1225 1093 1326 1158 Ducis

134 1199 263 1264 Atrstric
289 1198 410 1265 Medico
435 1199 556 1264 Clerico
578 1198 733 1285 spirensis
756 1200 927 1266 diocesim
953 1198 1081 1264 testibus
1110 1199 1147 1264 ud
1174 1203 1324 1285 premissa

133 1310 232 1372 omnic
248 1329 305 1393 per
321 1329 375 1371 nos
391 1306 566 1392 specialiter
581 1309 695 1372 uocatis
712 1315 743 1372 et
757 1310 882 1391 rogatis.

29 1433 30 1436 ’
133 1417 199 1502 Ego
218 1416 411 1482 Marchardus
428 1416 604 1481 cellerarius
621 1417 694 1482 dicti
709 1418 887 1482 Monosterii
910 1417 1047 1504 predicte
1071 1419 1210 1484 electioni
1227 1420 1324 1485 inter·-

225 1527 267 1591 lui
291 1531 322 1590 et
347 1526 376 1589 in
400 1525 548 1590 dominnm
570 1523 802 1592 Cholomnnnum
825 1528 976 1592 Decnnum
1006 1531 1148 1593 consensi
1177 1537 1207 1593 et
1236 1551 1323 1594 manu

225 1638 347 1720 propria
362 1637 434 1702 huic
450 1638 574 1701 decreto
592 1635 761 1701 subscribo.

134 1745 200 1829 ligo
218 1745 369 1830 Nycolaus
386 1746 425 1810 de
440 1745 622 1828 Novnlrurga
639 1751 697 1811 etc.

133 1856 199 1940 Ego
216 1855 369 1921 lohannes
385 1855 502 1940 pistrini
520 1862 579 1919 etc.

29 2011 30 2034 l
131 1966 195 2048 Ego
213 1963 368 2031 Cristaous
384 1964 533 2028 haslawcr
555 1968 614 2029 etc.
643 1968 674 2029 et
689 1965 757 2051 quin
773 1986 856 2030 nsum
879 1964 1030 2031 scribendi
1054 1987 1111 2029 nou
1136 1964 1241 2039 habui,
1265 1987 1321 2049 per

29 2051 30 2072 Χ
223 2076 311 2140 ulium
327 2076 377 2139 hic
395 2072 564 2138 subscribo.

132 2184 168 2247 lit
186 2204 245 2268 ego
262 2184 331 2249 Otto
347 2184 512 2269 Traysmer
528 2189 587 2247 cto.

131 2294 169 2359 llt
186 2314 245 2376 ego
262 2292 465 2358 bartolomeus
481 2299 541 2357 etc.

130 2404 168 2467 ut
185 2423 245 2487 ego
261 2403 416 2469 lohannes
432 2409 536 2468 custos
553 2407 611 2468 etc.

130 2512 167 2575 ut
185 2533 243 2596 ego
261 2512 380 2577 Vlricus
396 2514 551 2597 hauspech
569 2517 628 2576 etc.

130 2623 167 2688 ut
184 2643 243 2707 ego
260 2622 401 2689 Nicolaus
418 2622 534 2689 lioczer
549 2630 608 2688 etc.

130 2734 167 2797 Et
186 2753 245 2815 ego
262 2740 367 2817 petrus
383 2740 485 2800 costos
503 2735 686 2800 dominarum
704 2742 762 2798 etc.

29 2890 30 2913 2
129 2844 168 2908 Et
193 2864 251 2927 ego
268 2844 410 2925 gerlacus
426 2849 486 2909 etc.

29 2956 30 3027 l
131 2953 170 3017 ut
186 2972 244 3035 ego
262 2952 463 3017 Waltchunus
480 2957 539 3017 etc.

29 3120 30 3123 ,
129 3062 169 3126 ut
185 3082 244 3146 ego
261 3060 395 3126 Ortolius
413 3067 472 3127 etc.

29 3142 30 3197 l
130 3171 169 3234 Et
185 3192 244 3255 ego
260 3170 330 3234 Otto
347 3172 386 3235 cle
401 3169 497 3235 Tulna
513 3176 572 3234 etc.

131 3282 170 3345 ut
185 3302 243 3364 ego
256 3280 401 3344 llcrtinus
417 3279 560 3345 schonch.

131 3391 170 3454 ut
186 3410 245 3474 ego
261 3390 426 3455 llndmorus
441 3389 603 3455 lictseber.

221 3501 259 3563 Et
275 3519 333 3580 ego
350 3500 490 3564 ulbertus
505 3498 666 3570 Grilstete,
692 3497 831 3563 Clericus
848 3498 1009 3562 lllisnonsis
1033 3500 1165 3563 diocesis
1182 3499 1320 3583 publicus

132 3618 163 3673 et
180 3610 328 3694 imperiali
345 3610 521 3674 auctoritate
538 3610 670 3672 notarius
687 3612 746 3670 etc.

217 3771 273 3821 Orig.
287 3772 346 3822 Perg.
362 3771 402 3809 Dur
417 3771 516 3810 botunto
531 3769 599 3820 eleget
614 3770 649 3809 oe·-
665 3769 763 3819 Cupitelr.

222 3898 318 3968 Propst
329 3898 472 3951 Kolomnnn
490 3898 580 3952 lielert
594 3898 669 3952 einen
682 3898 796 3961 Roneis,
815 3915 868 3952 wns
888 3896 1014 3961 Umsiclrt‚
1035 3898 1165 3953 rodliclrcr
1178 3900 1257 3954 Wille
1270 3903 1321 3952 rrnrl

131 3992 208 4045 Liebe
222 4008 254 4044 zu
269 3990 328 4043 clem
343 3991 427 4043 llnucc
440 4007 471 4043 zu
486 3989 579 4043 leisten
592 3994 741 4059 vermcigen.
767 3989 802 4043 Er
815 3989 957 4043 tibcrnohm
971 3988 1019 4042 dus
1032 3990 1096 4043 Stilt
1110 3990 1134 4042 iu
1149 3992 1196 4044 cler
1207 3992 1323 4061 truncig-

130 4087 190 4137 stcu
214 4082 376 4135 finanziellen
398 4082 483 4152 Lago,
508 4080 560 4134 und
584 4080 734 4134 hinterliess
756 4098 786 4134 es
810 4079 908 4134 seinem
932 4079 1090 4149 Nnclriolger
1115 4082 1139 4134 iu
1167 4082 1322 4136 bliihendem

131 4174 264 4229 Zostends
289 4174 335 4228 mit
360 4172 525 4227 vermchrten
550 4170 781 4243 llrtrngsquelleu,
809 4172 859 4225 wie
883 4171 926 4225 die
948 4171 1155 4242 nechiolgendcu
1179 4172 1322 4227 Urlrundeu

132 4266 253 4320 derthun.

220 4356 277 4408 Deo
294 4354 429 4425 traurigen
443 4353 614 4408 l'inonnstond
629 4352 675 4405 (les
688 4352 767 4407 suus
781 4354 822 4407 bei
842 4354 888 4408 der
902 4354 977 4407 Wolrl
1001 4352 1167 4407 llolomanu's
1188 4352 1318 4407 schitdcrt

131 4466 177 4500 uns
190 4447 238 4500 das
252 4445 482 4510 Recluuuugsbuch
496 4445 551 4515 sig.
564 4444 594 4498 Α.
608 4446 634 4497 2.
649 4444 695 4497 mit
708 4443 850 4512 folgenden
863 4445 985 4498 Worten:
1003 4444 1053 4509 „ut
1067 4447 1142 4504 noto,
1163 4444 1234 4515 quod
1249 4444 1319 4498 lucta

130 4537 264 4593 eleccione
278 4536 302 4589 in
317 4536 360 4589 die
378 4554 399 4589 s.
414 4535 495 4589 Marci
510 4535 687 4605 Euangeliste
701 4535 780 4590 nichil
799 4536 851 4589 suit
870 4536 894 4589 in
913 4536 1004 4596 domo,
1024 4539 1115 4606 preter
1128 4536 1162 4589 55
1176 4537 1250 4589 Korn
1272 4535 1322 4588 vini

130 4628 337 4698 acerrimiquoc
349 4645 439 4681 omnen
452 4628 558 4681 luerunt
570 4627 697 4682 exhausto
716 4644 763 4698 pro
786 4627 921 4698 prebendo
946 4626 1108 4680 dominorum
1122 4630 1149 4680 ct
1162 4626 1323 4680 dominarum

133 4724 158 4774 et
171 4719 281 4774 aliorum
294 4717 537 4791 prebendariorum
550 4721 579 4773 et
592 4736 640 4789 pro
654 4719 750 4773 irmilie
765 4720 792 4772 et
804 4734 854 4789 pro
868 4718 935 4772 duce
949 4722 977 4772 et
990 4718 1151 4789 hospitibus,
1165 4723 1194 4772 et
1204 4718 1237 4772 16
1248 4718 1323 4772 llarr.

1044 4827 1107 4881 28·
