3242 5350
1280 526 1324 596 il

155 701 188 764 dc
200 698 479 763 Sanctim'nuialibus
495 697 534 763 ad
549 698 711 763 claustrum
726 696 834 762 audeat
850 698 983 763 inritare.
1001 698 1106 762 Nullus
1123 699 1217 762 eciam
1235 697 1324 762 Clau·

29 864 30 885 ,
154 818 240 873 snum
261 806 539 872 sanctimonialium
562 812 752 891 preterquam
773 807 892 870 missam
918 805 1051 871 dicturus
1072 805 1184 870 ibidem
1207 807 1329 877 intrare,

29 896 49 946 ἵ·
155 915 196 979 rel
217 915 253 977 ad
281 917 446 980 fenestram
467 914 580 979 ibidem
601 915 749 979 accedere
761 922 912 997 presumat
935 915 994 978 nisi
1021 935 1057 978 ex
1083 914 1205 980 honesta
1227 935 1326 985 causa,

29 1002 30 1071 l
153 1023 285 1107 personis
308 1024 436 1107 ydoneis
459 1024 599 1087 sociatus.
623 1024 696 1087 ltem
718 1024 786 1106 quia
809 1042 898 1086 vnum
929 1022 1088 1105 collegium
1117 1023 1236 1089 diuerso
1256 1023 1324 1105 jure

29 1206 30 1227 ἶ
152 1133 262 1194 censeri
277 1153 338 1195 non
351 1132 451 1204 debet,
462 1152 518 1196 nec
530 1131 567 1195 ad
580 1132 702 1216 imparia
711 1130 873 1214 judicatur,
886 1152 961 1216 quos
970 1132 1146 1216 ydemptitas
1159 1132 1325 1215 professio·

152 1244 193 1304 nis
209 1251 239 1306 et
260 1242 379 1305 ordinis
404 1242 511 1305 iratres
533 1242 616 1305 lacit
639 1241 818 1313 statuimus,
837 1246 868 1305 rt
883 1241 1029 1306 officiales
1046 1242 1120 1305 alios
1136 1242 1244 1305 tratres
1268 1241 1324 1304 sibi

152 1370 205 1413 non
230 1352 417 1414 constituant
440 1348 627 1434 capellanos.
649 1348 836 1415 Ebdomadas
860 1370 930 1414 suas
953 1370 1008 1434 per
1030 1369 1065 1414 se
1092 1350 1272 1422 inedicient,
1297 1358 1328 1413 et

150 1459 256 1521 iaciant
271 1457 475 1542 personaliter
490 1459 573 1523 uices
586 1477 669 1534 suas,
682 1460 739 1523 nisi
760 1458 895 1539 legitime
908 1459 1052 1541 impediti.
1069 1459 1211 1523 Preterea
1233 1463 1328 1522 statu·

54 1639 57 1643 ,
151 1574 206 1629 tum
228 1565 343 1629 domini
365 1564 505 1629 lladmari
530 1564 675 1651 quondam
700 1565 846 1650 prepositi
868 1565 905 1629 de
927 1567 1058 1630 Decimis
1074 1567 1103 1630 in
1128 1575 1230 1631 sancto
1245 1567 1327 1631 Luco

148 1675 227 1755 juxta
244 1680 385 1738 tenorem
401 1674 590 1737 instrumenti
605 1673 676 1737 inde
693 1674 823 1739 confecti
843 1672 1013 1737 mandamus
1029 1680 1060 1736 et
1075 1672 1209 1737 volumus
1230 1672 1327 1736 inrio-

27 1846 28 1883 ἶ
151 1781 280 1846 labiliter
293 1782 459 1846 obseruari.
473 1781 512 1845 llt
523 1788 620 1846 autem
635 1782 737 1847 ferror
752 1780 888 1845 karitatis
905 1781 935 1844 in
947 1780 1166 1864 Nirnburgensi
1177 1781 1327 1845 accenda-

150 1900 193 1956 tur
207 1892 356 1966 ccclesia,
373 1898 405 1956 et
420 1894 457 1956 ad
474 1894 622 1977 proximos
639 1913 673 1957 se
689 1892 852 1963 diffundat,
869 1893 1011 1976 precipue
1026 1898 1121 1956 nmen
1138 1891 1175 1956 ad
1187 1912 1325 1975 compro·

146 2001 277 2099 imsooes
296 2000 409 2064 ordinis
424 2001 520 2073 sancti
542 2000 707 2082 Augustini.
731 2000 888 2064 llortamur
903 2000 1104 2085 prepositum,
1128 2001 1279 2087 Decanum
1296 2010 1327 2065 et

27 2176 32 2193 p
148 2092 347 2182 Conventnm,
376 2115 408 2173 rt
427 2129 483 2192 pro
506 2116 570 2173 rata
593 2108 765 2173 facultatum
792 2128 911 2173 suarum
933 2106 1137 2193 Hospitalitate
1163 2107 1324 2173 intendant.

147 2218 182 2281 lit
196 2238 234 2282 ne
251 2219 431 2303 Propositus
452 2225 484 2282 et
498 2217 666 2282 Canonicos
688 2217 812 2282 aliarum
831 2217 1032 2282 Ecclesiarum
1056 2216 1189 2299 ejusdem
1212 2216 1326 2282 ordinis

26 2342 27 2345 ’
146 2325 196 2390 sub
212 2327 428 2391 ammiracione
444 2324 567 2390 aliorum
583 2325 638 2392 sub
653 2323 839 2390 alienacione
860 2326 986 2410 quadam
1003 2346 1037 2389 se
1053 2326 1215 2390 transferre
1237 2345 1327 2408 opor·

146 2441 205 2497 teat
226 2435 315 2499 circa
339 2433 435 2498 locum
451 2441 510 2498 mm
535 2434 684 2499 celebrem
707 2435 744 2499 ad
760 2434 918 2507 tabernas,
941 2433 1082 2517 adaptent
1102 2433 1161 2499 illis
1186 2434 1326 2519 specialia
1444 2494 1447 2501 .

147 2541 302 2606 commoda
318 2547 350 2606 et
365 2543 506 2614 fraterna,
522 2547 554 2605 rt
568 2562 606 2605 ex
621 2546 719 2606 mutua
736 2544 974 2624 pertractacione
990 2542 1212 2607 consolidentur
1224 2543 1260 2607 ad
1278 2543 1324 2606 in-

146 2650 240 2715 riccm
267 2650 382 2715 ordinis
408 2649 552 2725 membra,
580 2654 610 2715 et
632 2668 826 2736 personarum
854 2648 1016 2714 ministerio
1044 2648 1162 2714 diverse
1190 2648 1325 2716 Ecclesia
1394 2656 1400 2673 '

144 2759 355 2823 familiaritatis
379 2760 496 2824 vinculo
518 2758 708 2842 colligentur.
730 2761 802 2824 ltcm
826 2759 1009 2844 precipimus
1030 2758 1086 2824 sub
1110 2780 1186 2843 pena
1207 2781 1325 2824 excom·

146 2868 370 2938 municacionis,
386 2873 417 2930 rt
432 2866 604 2951 Prepesitus
621 2872 652 2931 et
667 2865 836 2931 Conventus
852 2869 882 2931 in
895 2866 992 2939 simul,
1008 2868 1056 2932 rel
1071 2867 1188 2932 divisim
1204 2891 1238 2932 se
1253 2869 1326 2933 sim·

147 2975 274 3059 pliciter,
291 2973 340 3038 rel
355 2995 412 3059 per
426 2993 496 3038 suas
511 2973 615 3039 literas
629 2994 684 3061 pru
696 2974 847 3039 extmneis
863 2994 921 3039 uon
937 2972 1072 3058 obligent
1087 2973 1142 3039 sub
1157 2977 1255 3040 usuris
1271 2977 1326 3040 ali·

145 3084 271 3169 qualiter
288 3083 327 3146 ad
341 3081 460 3166 judeos.
483 3082 556 3147 ltem
567 3083 720 3148 hortamur
741 3081 807 3170 (ct)
825 3102 977 3147 monemus
993 3083 1178 3167 prepositum
1197 3093 1227 3147 et
1243 3084 1322 3148 Con·

142 3197 259 3256 rentum
281 3192 397 3256 eisdem
423 3191 631 3257 nichilominus
659 3192 868 3276 injungentes,
894 3197 927 3258 rt
952 3193 1162 3257 reformacioni
1187 3193 1324 3258 Ecclesia
1386 3217 1387 3220 ¹

142 3300 405 3365 sanctimonialum
424 3300 456 3364 in
477 3300 651 3385 Nirnburga
673 3307 733 3366 mm
749 3302 779 3365 in
798 3300 1024 3385 spiritualibus,
1047 3320 1134 3386 quam
1152 3302 1180 3364 in
1197 3301 1323 3367 edificiis

143 3408 355 3480 materialibus,
370 3428 457 3493 quam
469 3408 563 3472 eciam
576 3409 606 3472 in
621 3409 853 3490 redintegranda
866 3408 1018 3493 prebenda
1029 3409 1321 3483 sanctimonialibus,

26 3503 31 3532 ⁵
144 3523 173 3580 rt
194 3515 301 3580 cedem
321 3516 474 3600 proprium
496 3517 619 3580 vetitum
643 3517 791 3582 dimittere
812 3520 943 3594 valeant,
972 3519 1146 3601 quantocius
1171 3525 1320 3602 poterunt,

145 3644 208 3687 curu
223 3624 336 3687 effectu
352 3625 484 3706 cogitent
500 3628 532 3686 et
546 3624 710 3695 intendant,
726 3623 845 3689 edificia
861 3624 960 3688 taliter
976 3624 1184 3699 instaurando,
1200 3633 1231 3690 vt
1246 3626 1320 3691 reli·

145 3735 225 3816 giose
239 3755 256 3798 a
269 3733 455 3797 secularibus
468 3732 584 3796 lerninis
595 3733 670 3796 intra
684 3733 852 3798 Claustrum
865 3752 930 3797 cum
943 3732 1057 3797 eisdem
1073 3733 1193 3799 abusivc
1206 3734 1322 3820 degen-

144 3840 241 3914 tibus,
264 3842 328 3904 suis
351 3840 486 3904 comodis
507 3842 627 3925 penitus
644 3839 873 3922 distinguantur.
897 3841 942 3905 Nc
958 3840 1009 3904 ille
1024 3862 1079 3924 per
1099 3841 1176 3914 illas,
1198 3862 1320 3927 quarum

144 3949 334 4014 condiciones
349 3955 381 4013 et
396 3949 626 4014 consuetudines
641 3957 712 4012 sunt
728 3949 875 4034 dispares,
891 3955 1062 4023 onerentur,
1081 3959 1165 4014 etue
1182 3953 1211 4014 in
1229 3951 1319 4015 allum

144 4078 239 4122 casum
252 4060 284 4121 in
296 4060 426 4121 futurum
440 4057 536 4142 aliqua
549 4056 692 4122 secularis
703 4058 740 4122 ad
752 4065 928 4142 perpetuam
940 4059 1121 4120 mansionem
1132 4060 1160 4143 ¹)
1172 4058 1201 4122 in
1215 4059 1319 4123 eudem

145 4164 277 4230 Claustra
299 4165 468 4230 taciendam
489 4172 671 4237 assumatur,
696 4165 751 4232 sub
763 4166 952 4230 anathemate
968 4164 1172 4249 prohibemus.
1193 4166 1266 4231 ltem
1290 4168 1319 4230 in

144 4275 250 4338 rirtute
272 4280 377 4339 sancte
395 4273 571 4338 obediencie
593 4275 772 4359 precipimus
795 4278 827 4338 et
850 4273 1046 4346 mandamus,
1065 4294 1101 4338 ue
1128 4276 1157 4338 in
1183 4273 1319 4339 Claustra

146 4382 478 4447 Sanctimonialinmuec
493 4403 550 4466 per
560 4403 624 4455 eas,
639 4405 695 4449 nce
711 4383 901 4468 perseminas
913 4383 1066 4447 seculares
1079 4382 1189 4448 ibidem
1204 4385 1317 4468 degen-

189 4632 212 4702 ¹)
229 4633 290 4687 Eine
314 4633 405 4687 solche
432 4633 529 4687 kummt
553 4639 629 4689 untcr
652 4634 701 4688 der
724 4634 920 4704 Bcacichnung:
946 4633 1078 4689 Diamudis
1103 4633 1128 4688 in
1159 4635 1317 4706 Niaenburg

230 4741 332 4779 manans
350 4724 392 4779 bei
411 4724 476 4779 biuk
495 4725 586 4780 Annal.
607 4724 706 4779 Clarcr.
727 4725 758 4779 T.
769 4725 787 4779 l.
809 4744 834 4797 p.
854 4726 915 4782 536.
936 4727 985 4780 cul.
1004 4725 1093 4790 troc,
