3242 5350
1274 474 1348 547 tlt

163 645 261 710 michi
276 668 331 733 pro
346 653 433 734 parte
448 646 663 713 venerabilium
679 649 826 721 virorum,
851 648 1036 714 dominorum
1056 649 1264 715 Cbolomcam‘
1274 671 1352 738 pre·

156 757 268 840 positi
289 764 320 821 et
342 755 512 821 Conventus
535 756 615 821 blan.
638 755 749 821 Canon.
772 757 847 839 lleg.
870 756 942 822 0rd.
966 779 992 820 e.
1008 760 1084 840 Aug.
1113 759 1142 822 in
1163 757 1353 841 Newnburga

162 865 305 930 eiusdem
320 866 399 931 dioc.
425 866 514 932 michi
536 868 699 942 exhibitus,
721 874 897 933 reverenter
920 868 1038 953 recepi.
1064 873 1096 933 ut
1111 868 1218 940 debui,
1242 870 1272 933 in
1295 870 1353 933 bec

162 974 279 1040 verba:
383 989 386 1004 ‘

259 1087 406 1152 numm
418 1088 482 1152 Dei
492 1094 524 1152 ct
536 1088 710 1175 apostolice
724 1088 810 1154 sedis
822 1089 939 1176 procia
954 1090 1131 1177 Episcopum
1152 1089 1353 1155 Pctcoicasis

162 1190 286 1258 Dilecto
303 1194 389 1260 nobis
405 1196 435 1259 in
450 1195 567 1262 christo
584 1195 700 1263 lacobo
717 1197 839 1263 Decano
856 1204 887 1262 et
902 1196 1030 1283 plebano
1046 1200 1076 1262 in
1091 1198 1219 1281 Aspar-n.
1249 1204 1352 1263 nosne

159 1301 246 1368 dioc.
263 1303 396 1368 Salutem
412 1304 443 1367 in
459 1305 589 1369 domino.
614 1304 688 1371 Cum
703 1305 893 1371 venerabiles
916 1313 947 1371 st
969 1306 1072 1372 dilecti
1088 1305 1174 1372 nobis
1189 1307 1222 1370 in
1237 1307 1352 1373 cbristo

160 1413 340 1496 prepositus
366 1420 397 1478 et
424 1412 595 1479 Conventus
623 1415 703 1479 tlon
726 1415 851 1480 Nevnb.
880 1416 945 1479 ord.
968 1436 994 1480 s.
1010 1416 1087 1500 Aug.
1112 1414 1221 1481 Canon.
1246 1415 1352 1498 llogul.

160 1521 302 1585 eiumem
319 1529 424 1588 nostre
439 1523 569 1589 diocesis
592 1523 715 1607 obligati
732 1524 762 1588 in
778 1525 887 1590 mediis
902 1523 1052 1590 fructibus
1068 1524 1154 1591 vuius
1172 1525 1238 1590 anni
1254 1547 1351 1613 poro·

160 1631 284 1697 cbiclis
299 1635 431 1699 ecclesie
445 1635 744 1721 inffmnmourp
760 1633 844 1699 dicte
855 1639 958 1699 nosue
975 1634 1053 1699 dioc.
1068 1633 1352 1700 solvendisCamere

160 1742 334 1825 apostolice
346 1744 442 1828 parati
458 1744 497 1808 ad
513 1743 702 1818 solvendum,
719 1744 909 1809 medietatem
925 1743 1093 1809 huiusmodi
1110 1747 1248 1828 ignorent
1263 1747 1351 1830 peni-

158 1856 230 1926 tus,
251 1861 351 1939 prout
369 1853 567 1942 praevolitcr
580 1875 641 1940 por
655 1860 796 1919 rostram
812 1854 956 1920 nescim
969 1854 1136 1927 diocesin,
1160 1855 1213 1919 cci
1226 1856 1351 1921 notuisse

159 1961 249 2026 dicte
266 1963 398 2028 Comere
412 1964 588 2052 apostolice
601 1964 644 2028 eit
659 1962 839 2028 huiuamodi
853 1969 885 2027 et
900 1964 1007 2051 queris
1030 1963 1097 2028 clio
1112 1963 1243 2028 racione
1257 1964 1349 2029 beoc-

155 2069 308 2153 ficiorcm
337 2074 622 2139 ecclesio-sticourt
645 2075 774 2159 prefate
799 2079 906 2138 nostre
933 2072 1067 2139 disemos
1092 2073 1192 2137 cidara
1219 2073 1350 2138 Comere

160 2178 273 2246 debito
297 2183 415 2247 solacio
435 2182 605 2267 socienda,
628 2181 692 2246 Nos
707 2182 855 2266 ipsorum,
881 2181 1026 2265 prepositi
1043 2185 1074 2244 et
1089 2180 1259 2246 Conventus
1274 2179 1349 2245 obe·

160 2286 284 2353 diencia
300 2290 488 2354 considerata
504 2290 639 2354 volentes
663 2289 739 2374 ipsis
754 2310 848 2373 super
863 2289 936 2362 boo,
959 2292 1100 2373 quantum
1116 2309 1289 2374 possumus,
1312 2288 1350 2354 de

159 2401 311 2480 oportuno
326 2399 460 2464 remedio
476 2397 653 2483 providere,
682 2396 850 2463 Dileccioni
878 2406 929 2462 tue
952 2397 1160 2463 committimus
1182 2404 1214 2461 et
1229 2399 1350 2462 manda-

160 2525 245 2580 mus,
263 2513 408 2591 quatenus
424 2508 463 2572 de
480 2507 582 2572 valore
597 2507 692 2592 ipsius
708 2506 841 2571 ecclesie
865 2506 994 2572 solerter
1015 2507 1186 2592 inquirens,
1204 2505 1349 2572 medieta-

160 2620 225 2679 tem
240 2615 336 2701 ipsius
353 2617 471 2683 nomine
487 2616 659 2703 supradicte
675 2614 802 2681 Camere
816 2617 981 2704 apostolice
1003 2615 1041 2681 ab
1063 2617 1178 2681 eisdem
1195 2617 1347 2701 percipias

162 2724 296 2791 fideliter
319 2735 350 2792 et
371 2747 548 2802 conserves,
573 2727 669 2793 donee
691 2728 881 2801 constiterit,
906 2727 1015 2814 quibus
1037 2727 1084 2791 vel
1109 2730 1157 2791 cui
1179 2727 1350 2791 huiusmodi

160 2834 254 2899 suerit
281 2837 396 2901 soluoio
423 2837 577 2911 iacienda,
608 2838 677 2901 dolo
707 2843 737 2901 et
763 2836 869 2902 fraude
891 2837 1078 2904 cessantibus
1103 2837 1349 2922 quibuscumque.

162 2943 270 3009 Datum
300 2946 425 3013 Wtcnnc
452 2944 501 3010 die
529 2946 563 3009 ll.
588 2947 702 3011 biensis
726 2944 916 3032 Septembris
937 2950 1020 3010 Anno
1048 2946 1164 3011 Domini
1192 2947 1349 3010 blillesimo

110 3121 115 3131 ‚
161 3052 394 3119 Trecentesimo
412 3056 643 3141 septuagesimo
659 3057 767 3141 primo.

256 3164 369 3247 Quibus
391 3187 448 3249 per
471 3186 519 3229 me
541 3165 630 3232 lectis
653 3173 685 3231 et
705 3166 827 3231 attentis
850 3185 905 3251 pro
921 3168 1006 3248 parte
1028 3162 1189 3227 eorundem
1205 3163 1349 3247 prepositi

163 3279 194 3337 et
212 3271 381 3341 Conventus
398 3276 489 3341 miehi
504 3276 561 3341 fuit
571 3274 723 3340 humiliter
738 3273 950 3359 supplicatum,
966 3277 998 3335 ut
1006 3270 1090 3352 juxta
1102 3292 1203 3336 earum
1215 3279 1349 3336 tenorem

163 3402 256 3467 super
272 3388 420 3451 contentis
436 3387 466 3450 in
482 3385 598 3450 eisdem
614 3385 800 3470 inquirerem
819 3388 851 3448 et
872 3404 906 3448 ea
923 3400 1056 3465 agerem.
1084 3381 1149 3466 Ego
1173 3380 1252 3445 lilius
1277 3381 1350 3444 obe·

163 3491 283 3557 dioneia
299 3493 338 3558 de
361 3492 462 3559 valore
484 3495 633 3560 fruetuum
656 3493 788 3559 ecclesie
803 3491 988 3578 parochialis
1010 3493 1040 3555 in
1056 3489 1305 3573 llornnewnburg
1321 3491 1350 3553 in

164 3601 348 3687 supradictis
376 3602 472 3669 literis
500 3604 647 3669 nominate
670 3602 806 3667 studiose
830 3601 983 3687 inquisivi,
1008 3607 1039 3664 et
1055 3619 1109 3683 per
1124 3599 1350 3686 inquisicionem

163 3715 259 3798 ipsam
283 3712 433 3779 mediante
457 3713 516 3779 lide
539 3715 697 3798 dignorum
714 3712 893 3779 elericorum
910 3720 941 3777 et
957 3712 1107 3796 laycorum
1129 3709 1298 3775 testimonio
1319 3711 1349 3774 in

27 3843 30 3850 ·
163 3825 291 3888 veritate
308 3826 450 3908 conperi,
477 3843 580 3888 omnes
597 3828 628 3888 et
643 3823 779 3907 singulos
795 3822 910 3886 fruetus
927 3822 1020 3906 ipsius
1037 3819 1171 3885 ecclesie
1186 3819 1349 3885 secundum

164 3935 324 4019 presencia
340 3942 473 4018 tempora
490 3954 525 3999 se
541 3952 599 3998 non
615 3954 707 4019 posse
728 3933 854 4018 amplius
876 3931 1056 4004 extendere,
1084 3950 1170 4015 quam
1191 3929 1227 3994 ad
1249 3930 1348 3995 Nona-

162 4046 247 4125 ginta
264 4064 316 4107 sex
332 4044 464 4109 florenos
480 4046 544 4109 anri
563 4044 711 4109 communi
726 4044 932 4109 extimacione.
950 4038 1064 4123 Quibus
1079 4058 1136 4124 per
1151 4060 1198 4104 me
1214 4041 1259 4103 sic
1275 4059 1347 4104 con-

163 4153 261 4237 pertis
281 4153 393 4239 prelati
416 4155 586 4238 prepositus
607 4158 639 4217 et
660 4152 830 4218 Conventus
858 4151 937 4237 apud
961 4170 1011 4214 me
1030 4149 1176 4214 tamtum
1196 4147 1348 4214 Decanum

163 4262 331 4346 predictum
355 4261 559 4346 Quadraginta
585 4269 649 4326 tres
677 4262 808 4326 florenos
835 4260 901 4336 auri
925 4259 1130 4343 deposuerunt
1148 4265 1180 4323 et
1200 4259 1348 4333 dixerunt,

163 4373 242 4458 qnod
258 4372 394 4437 dominus
411 4371 519 4438 Clinno
535 4372 639 4438 dictata
652 4371 900 4456 Scpdenscdm·
920 4370 1035 4435 Rectcr
1050 4368 1183 4434 ecclesie
1193 4369 1228 4433 ic
1243 4370 1348 4433 Korn-

163 4482 334 4569 ncsocborp
358 4479 530 4565 supradicte
557 4481 588 4543 in
615 4481 742 4544 Romana
771 4478 860 4544 Curia
887 4479 1013 4545 solverit
1036 4480 1162 4542 Domino
1185 4476 1348 4542 Collectori

161 4590 264 4655 taliam
280 4591 430 4655 fruetuum
447 4609 502 4674 pro
519 4609 638 4654 carnera
654 4588 819 4674 apostoliea
844 4590 973 4674 quinqua
995 4589 1124 4651 florenos
1140 4589 1221 4659 auri,
1249 4586 1346 4652 delal-

163 4699 276 4765 candos
300 4702 330 4763 in
351 4699 461 4764 debilis
484 4700 630 4764 dictorum
653 4700 817 4766 mediorum
839 4700 990 4765 fruetuum
1019 4698 1228 4764 ecclesiolam
1254 4697 1347 4769 dicte,
