3242 5350
299 461 350 533 58

296 639 400 705 selben
424 640 488 722 golt
503 639 569 705 born
591 640 644 705 iob
659 641 782 705 recbtes
794 642 936 730 gegeben
951 665 988 706 ze
1002 642 1132 707 rechten
1147 663 1250 729 oppon
1265 641 1348 706 naen
1362 661 1477 728 corpe·

294 758 413 815 nantem
428 747 604 814 Perneborts
618 751 698 814 tode.
725 751 786 814 Des
803 749 907 815 selben
930 752 1050 815 reobtes
1067 752 1123 815 ban
1140 751 1189 814 icb
1206 751 1284 813 mich
1307 748 1480 833 surgezicbt

295 866 388 942 getan
404 859 462 923 vnd
486 858 537 921 bnt
553 858 608 922 der
629 864 795 942 vorgenant
814 860 962 925 Pernbart
983 859 1032 923 dis
1053 863 1256 942 norgenanten
1279 859 1479 945 aygenscbat't

296 968 354 1032 rnd
377 968 443 1051 golt
465 966 654 1050 ausgegeben
679 967 745 1032 dem
769 967 878 1033 orbern
895 989 1002 1033 manne
1025 969 1138 1034 Brobst
1157 969 1323 1034 Hodmorn
1345 969 1404 1033 nod
1420 968 1477 1032 der

295 1077 475 1159 Sammunge
488 1076 542 1141 des
554 1077 699 1159 gotsbaus
711 1098 747 1141 ne
758 1077 941 1143 Neunburcb
954 1079 1006 1140 mit
1017 1077 1143 1141 meinem
1158 1077 1353 1159 gnetleic-ben
1362 1076 1477 1141 willen.

295 1185 358 1249 Daz
376 1185 431 1249 dar
448 1187 552 1251 fnrbnz
569 1191 630 1250 stet
644 1184 764 1251 beleibe
780 1207 813 1251 so
829 1187 888 1251 ban
908 1187 958 1251 iob
973 1186 1040 1250 dem
1056 1184 1167 1251 erbern
1183 1187 1326 1272 gotshaus
1342 1188 1400 1252 vnd
1423 1186 1480 1250 der

296 1294 475 1379 Sammunge
492 1317 527 1360 re
543 1293 724 1360 Neunburcb
740 1296 880 1379 gegeben
897 1294 982 1360 disen
997 1297 1080 1381 pries
1090 1296 1143 1360 mit
1160 1299 1286 1361 meinem
1303 1296 1410 1379 insigel
1429 1297 1479 1358 fur

295 1402 353 1467 alle
364 1405 510 1488 anspracb
524 1405 581 1468 end
594 1404 689 1468 wierd
701 1405 765 1469 sein
778 1406 897 1470 soberm
909 1405 956 1469 l'ur
967 1404 1024 1469 alle
1041 1405 1187 1490 anspraob
1200 1405 1244 1468 als
1261 1425 1373 1488 aygens
1391 1404 1480 1468 recht

294 1512 353 1577 und
368 1511 472 1577 landes
488 1514 574 1578 recht
589 1515 637 1578 ist.
655 1514 716 1578 lles
734 1516 774 1578 ist
789 1533 926 1597 geczevg
937 1514 996 1580 ber
1012 1514 1091 1580 Cbol
1104 1515 1162 1579 der
1177 1536 1312 1591 ammon,
1331 1514 1389 1579 ber
1406 1515 1480 1579 Otto

294 1622 572 1701 coteloseniar
582 1624 811 1691 Wernbortder
821 1625 956 1701 sebiccr,
968 1624 1164 1689 bcrbermon
1173 1626 1292 1710 pmice,
1303 1625 1355 1690 dio
1362 1626 1479 1696 liniter,

297 1731 442 1797 Gcouncb
454 1731 533 1797 bem
543 1732 642 1799 valn
653 1756 719 1810 son,
730 1734 893 1799 Dietrciob
902 1734 961 1799 der
971 1734 1103 1807 cobiccr.
1117 1734 1256 1800 Gbonrot
1267 1734 1325 1799 der
1332 1732 1481 1799 botstocb

294 1840 352 1905 und
366 1840 459 1905 ander
473 1840 534 1908 lent
545 1841 692 1925 genueob.
706 1843 795 1907 Diser
803 1842 886 1928 priel
894 1844 934 1907 ist
945 1842 1097 1926 gegeben,
1110 1843 1147 1908 do
1159 1864 1218 1908 nnn
1228 1842 1358 1909 ebrietes
1370 1848 1481 1927 gepurt

296 1970 358 2014 was
375 1949 509 2014 Tausent
523 1951 585 2022 iar,
608 1952 682 2016 owni
698 1950 828 2017 hindert
847 1954 892 2017 iar
908 1953 938 2016 in
955 1952 1023 2017 dem
1039 1953 1146 2017 acbten
1171 1951 1228 2016 nnd
1249 1954 1479 2036 nemezigisten

215 2122 217 2127 .
295 2059 340 2124 ier
357 2080 393 2124 an
409 2057 476 2123 dem
494 2060 638 2125 naobsten
656 2060 808 2146 Snuntage
824 2083 877 2127 vor
893 2061 961 2127 deon
976 2061 1137 2146 Ascbtage.

979 2209 995 2248 Ε
1010 2207 1141 2248 chartulario
1155 2207 1237 2248 metiri
1251 2208 1286 2248 tlt.
1301 2207 1340 2249 tol.
1355 2207 1388 2249 76.
1403 2219 1422 2247 s.

835 2401 930 2471 bxv.

299 2547 422 2622 Wipond
438 2552 628 2629 Epoenpootel
644 2555 779 2630 emkouft
796 2555 860 2610 clem
878 2555 966 2630 Stiflc
984 2555 1204 2629 Psenoigpdltcn
1222 2575 1260 2611 eo
1270 2555 1482 2629 mannendorf.

630 2685 688 2739 nat
707 2685 889 2770 Klosterneub.
908 2686 953 2740 et.
966 2685 1042 2740 Febr.
1064 2686 1140 2741 1298

383 2828 446 2894 Nos
465 2832 634 2920 szondus
653 2834 756 2900 dicmm
775 2836 990 2923 Epsenpeutel
1010 2842 1043 2901 et
1060 2837 1141 2901 Tuto
1155 2857 1241 2900 osor
1256 2836 1357 2924 ipsius
1378 2845 1483 2902 notum

295 2936 421 3002 facimus
434 2940 594 3016 universis,
607 2949 665 3007 tam
679 2944 787 3008 futuris
799 2964 887 3029 qoam
900 2943 1090 3028 presentibus
1103 2943 1157 3009 bas
1170 2945 1272 3008 literas
1289 2946 1483 3030 inspecturis,

296 3045 375 3130 quod
396 3069 453 3112 nos
474 3050 508 3113 in
532 3052 665 3137 quodum
694 3052 891 3117 necessitatis
916 3052 1049 3118 orticello
1068 3055 1169 3142 positi
1190 3057 1331 3120 redditam
1354 3055 1485 3121 dimidii

295 3157 410 3220 talenti
425 3166 455 3223 et
471 3160 606 3246 quinque
620 3160 822 3225 donariorum
837 3162 925 3226 nobes
935 3163 1146 3249 proprietatis
1158 3166 1248 3230 titolo
1260 3167 1428 3231 attinentes
1444 3166 1482 3229 in

295 3265 372 3330 oilla
387 3265 627 3354 Mdcbscndorf,
644 3270 785 3334 videlieet
800 3269 840 3334 de
855 3269 971 3335 duabus
994 3274 1073 3336 areis
1090 3275 1241 3356 sexaginta
1259 3274 1414 3346 denarios,
1440 3274 1483 3337 de

293 3383 380 3458 prato
408 3377 560 3457 sexaginta
588 3378 726 3443 denarios
754 3384 784 3442 et
805 3378 844 3444 de
871 3381 936 3452 uia,
961 3401 1019 3465 que
1043 3383 1196 3447 viecbtrilt
1219 3383 1328 3447 dicitur
1344 3385 1479 3468 quinque

299 3482 437 3549 denarios
453 3487 601 3548 annuatim
618 3486 797 3560 solvendos,
816 3488 1038 3557 honorabilibus
1056 3497 1086 3555 et
1102 3493 1252 3575 religiosis
1268 3494 1340 3556 viris
1356 3514 1481 3580 prepo-

296 3594 357 3659 sito
374 3595 541 3660 conventui
560 3605 592 3662 ct
608 3599 739 3663 ecclesie
758 3599 1002 3687 Neeobnrpensi
1016 3602 1136 3668 ordinis
1152 3625 1176 3668 s.
1192 3603 1361 3691 Aupamtini
1380 3604 1481 3667 Pota·

296 3704 413 3768 viconia
429 3705 572 3789 dyocesis
584 3728 647 3794 pro
663 3708 799 3794 modom
815 3711 992 3795 gemotitnte
1000 3712 1138 3799 pecunie
1152 3712 1387 3777 racionabiliter
1401 3734 1481 3777 een·

295 3812 431 3878 didimus
455 3813 677 3880 deliberacione
693 3817 837 3881 concordi
860 3825 891 3882 et
907 3821 1035 3883 unamini
1051 3820 1202 3885 volontate
1226 3842 1261 3884 eo
1284 3822 1480 3904 proprietatis

296 3922 382 3996 iure,
407 3941 465 4005 quo
482 3945 535 3987 nos
560 3925 696 3989 redditos
712 3926 834 3990 eosdem
857 3928 1005 3991 tenuimus
1027 3931 1244 4012 possidendas,
1265 3934 1482 4012 protestantes,

299 4049 353 4093 nos
385 4031 553 4113 predictam
580 4036 737 4117 pecuniam
762 4038 942 4121 percepisse
971 4044 1003 4102 ct
1027 4040 1238 4104 renunciantes
1260 4060 1315 4123 pro
1337 4039 1423 4104 nobis
1451 4045 1485 4103 et

296 4141 408 4204 nostris
425 4139 589 4205 heredibus
616 4163 671 4207 seu
687 4143 887 4212 coheredibus
910 4148 940 4210 in
957 4147 1015 4210 hiis
1040 4149 1161 4233 scriptis
1178 4147 1343 4213 redditibus
1364 4168 1483 4211 menno·

296 4250 378 4320 ratis,
395 4248 592 4333 promittimus
609 4259 640 4315 et
655 4257 793 4318 tenemur
809 4256 947 4320 antelatis
957 4259 1120 4340 preposito,
1133 4257 1291 4322 conventui
1306 4265 1336 4320 et
1346 4258 1483 4321 ecclesie

295 4357 334 4421 de
350 4358 498 4422 evictionc
523 4375 633 4425 cavere
647 4364 726 4426 iuxta
749 4370 819 4427 tene
835 4366 1080 4430 consuetudinem
1096 4368 1126 4429 in
1147 4365 1315 4430 huiusmodi
1339 4371 1480 4431 contree-

295 4466 373 4532 tibos
390 4467 592 4552 approbatam.
614 4471 647 4535 ln
664 4473 749 4537 cuius
765 4475 809 4537 rei
831 4476 1030 4539 testimonium
1054 4480 1084 4538 et
1101 4477 1246 4539 cautelam
1271 4478 1348 4539 banc
1365 4483 1480 4540 cartam

295 4576 442 4641 conscribi
463 4585 493 4642 et
510 4577 601 4660 sigilli
617 4582 693 4652 mei.
717 4580 860 4648 videlicet
879 4585 1026 4671 Wspoodi
1044 4585 1168 4648 facimus
1187 4584 1295 4650 robore
1319 4587 1478 4651 comuniri.

299 4686 403 4751 Testes
422 4695 496 4752 sunt
517 4690 588 4755 Otto
605 4689 765 4778 pincerna
787 4693 827 4757 de
849 4696 1009 4770 nonne,
1038 4695 1156 4760 Vlrieus
1178 4695 1218 4759 do
1242 4695 1479 4783 llblspersdors,
