3242 5350
314 499 382 613 ,st

331 675 368 737 de
386 673 582 736 maleficorum
601 672 736 734 manibus
753 670 926 733 liberarunt.
944 669 1053 733 Verum
1071 668 1138 751 quia
1155 668 1249 750 ipsius
1266 666 1372 751 prelati
1393 667 1506 728 minime

331 785 454 847 interest
466 782 602 843 iniuriam
620 781 787 844 huiusmodi
801 779 858 843 sibi
875 785 906 842 et
916 779 1047 842 ecclesie
1061 776 1171 841 illatam
1183 776 1228 838 sic
1241 795 1332 857 posse
1344 773 1505 843 remittere,

331 913 369 954 ne
385 891 463 955 uude
479 892 544 953 iura
561 895 721 953 nascuntur
737 890 805 951 inde
823 895 961 950 nascatur
978 888 1151 950 iniuriarum
1167 885 1297 957 occasio,
1313 889 1507 969 protestamus

332 1020 434 1064 omnes
456 1004 487 1061 et
508 995 628 1083 publice
652 997 838 1082 prolitemur,
866 996 945 1081 quod
962 1016 1036 1079 sepe
1057 995 1155 1058 dictus
1172 994 1307 1058 dominus
1330 992 1509 1058 Hadmcras

331 1107 486 1195 quondam
502 1106 763 1194 Neacnbarpensis
785 1106 917 1171 ecclesie
930 1106 1111 1192 prepositus
1122 1126 1185 1192 per
1208 1101 1392 1167 sentenciam
1409 1101 1508 1163 visita·

330 1226 443 1288 torum,
466 1213 683 1278 honorabilium
707 1215 858 1284 virorum,
881 1212 1022 1276 videlicet
1045 1213 1145 1278 fratris
1170 1213 1311 1278 Cristani
1332 1210 1454 1276 abbatis
1472 1210 1510 1273 de

333 1327 419 1390 Gella
428 1326 626 1412 Angelorum,
639 1325 834 1389 deminorare
845 1323 1070 1388 venerabilium
1081 1323 1227 1388 &bardi
1237 1321 1397 1386 etdawici
1404 1318 1513 1383 Sancti

329 1434 446 1521 ypoliti
455 1441 487 1497 et
498 1434 602 1498 sancti
605 1433 736 1517 floriana⁸
742 1433 946 1497 cocheiacum
950 1433 1195 1519 prepositorum,
1204 1439 1236 1497 et
1246 1430 1365 1495 domici
1376 1429 1512 1500 Gerlaci

330 1543 537 1607 Serenissime
552 1542 675 1606 domine
690 1544 901 1606 &manaim
916 1543 1025 1629 regine
1042 1541 1209 1629 Capeliani
1218 1562 1281 1627 per
1299 1539 1512 1604 Reverendacn

330 1652 486 1717 dominam
501 1659 641 1716 nostram
659 1651 885 1716 Wcmhardam
900 1651 1098 1716 Pataciensrs
1119 1650 1250 1716 ecclesie
1265 1649 1457 1736 Episcopum
1472 1648 1514 1711 ad

330 1761 490 1825 ecclesiam
517 1759 793 1841 Nevvnburgensem
823 1761 859 1823 ad
887 1759 1065 1824 visitandum
1085 1758 1195 1823 ibidem
1222 1757 1438 1822 destinatorum
1459 1777 1513 1840 per

334 1870 457 1934 eosdem
477 1869 675 1952 inquisicione
696 1888 732 1932 oc
753 1870 929 1933 visitacione
950 1869 1129 1952 diligencius
1153 1869 1307 1933 observata
1332 1871 1362 1929 et
1386 1868 1513 1930 circum-

332 1980 456 2043 stanciis
485 1976 667 2063 quibuslibet
695 1977 836 2041 hincinde
863 1977 1062 2042 consideratis
1089 1984 1120 2042 et
1145 1977 1314 2062 perspectis
1341 1973 1442 2038 causis
1462 1995 1513 2037 seu

329 2087 465 2151 articulis
480 2107 535 2150 sue
551 2086 753 2171 deposicionis
771 2092 802 2150 et
817 2088 984 2150 iuramento
1000 2107 1090 2172 super
1106 2087 1164 2151 hoc
1180 2085 1216 2149 ab
1230 2105 1287 2149 uno
1303 2104 1423 2170 qnoque
1438 2083 1512 2146 irat·

331 2218 393 2260 rum
418 2217 473 2260 seu
495 2194 710 2260 Canonicorum
732 2195 921 2277 singulatiter
951 2217 1006 2280 pro
1031 2196 1158 2262 dicenda
1184 2197 1311 2259 veritate
1333 2193 1461 2278 prestito
1483 2197 1513 2255 et

329 2310 463 2388 recepto,
481 2303 616 2367 omnibus
632 2303 690 2367 hiis
704 2305 884 2388 conscriptis
901 2323 937 2367 ao
954 2307 998 2369 sie
1014 2326 1070 2390 por
1086 2304 1182 2369 omnia
1198 2302 1272 2368 iuris
1289 2303 1391 2367 ordine
1407 2300 1514 2366 obser-

330 2425 397 2479 vato
419 2398 645 2497 est'depositus
667 2433 683 2476 a
706 2412 853 2494 dignitate
875 2419 906 2477 ct
930 2415 1031 2479 officio
1054 2414 1203 2500 prelature
1225 2420 1255 2477 et
1276 2413 1334 2497 ipsi
1356 2411 1433 2475 dicti
1460 2411 1513 2473 riri

330 2521 522 2587 honorabiles
546 2522 666 2585 scilicet
687 2523 860 2586 visitatores
876 2525 1030 2587 memorati
1046 2523 1193 2587 dominum
1209 2523 1404 2588 Hadmarum
1429 2539 1514 2604 sepc-

330 2635 422 2698 latum
439 2631 476 2697 ab
494 2629 764 2697 amministracione
780 2632 977 2716 spiritualium
1000 2654 1053 2697 seu
1070 2632 1286 2717 procuracione
1307 2630 1512 2714 temporalium

330 2746 447 2830 penitus
461 2740 627 2806 absolutum
641 2747 672 2805 et
683 2741 810 2806 liberum
824 2745 999 2808 auctoritate
1012 2743 1159 2807 ordinaria
1172 2740 1407 2825 promulgarunt,
1419 2738 1514 2804 Cano·

330 2854 413 2916 nicos
429 2870 548 2936 quoquo
563 2859 594 2914 et
609 2852 776 2915 confratres
792 2857 947 2936 totumque
960 2831 1142 2917 Conveniam
1158 2871 1214 2915 vna
1231 2871 1298 2915 cum
1311 2850 1514 2914 Sanctimoui·

227 2997 230 3004 ·
331 2960 425 3024 atibus
442 2981 459 3023 a
475 2965 544 3023 uoto
561 2963 590 3023 et
607 2959 643 3023 ab
661 2958 848 3037 obediencia,
861 2981 918 3046 qua
934 2961 993 3026 sibi
1010 2962 1125 3026 astricti
1141 2966 1227 3025 erant
1242 2961 1331 3023 simili
1344 2960 1433 3024 modo
1446 2980 1515 3023 auc·

331 3072 451 3134 toritate
468 3067 617 3133 ordinaria
633 3068 854 3151 proclamarunt
871 3071 975 3134 dantes
989 3071 1076 3135 nobis
1093 3071 1303 3159 operacioucm
1317 3069 1444 3133 liberam
1460 3068 1515 3133 eli-

332 3179 424 3262 gendi
454 3176 599 3260 prelatum
629 3197 683 3241 seu
712 3167 915 3262 prepositum,
943 3179 993 3264 qui
1014 3201 1070 3264 pro
1097 3177 1225 3244 utilitate
1247 3183 1349 3242 nostre
1373 3179 1514 3251 ecclesie,

332 3289 368 3352 ad
396 3285 696 3350 amministracionem
726 3287 924 3371 spiritualium
956 3294 988 3352 et
1017 3289 1276 3373 dispensacionem
1307 3287 1514 3371 temporalium

333 3399 465 3483 ydoneus
482 3394 645 3459 rideretur.
668 3394 730 3459 Nos
755 3396 847 3479 igitur
869 3399 1044 3461 unanimiter
1064 3399 1092 3462 in
1110 3403 1211 3462 nostro
1228 3396 1356 3480 capitolo
1378 3399 1515 3460 invocata

331 3505 452 3590 spiritus
474 3504 569 3567 sancti
585 3506 687 3585 gracia
709 3506 798 3569 missa
815 3505 894 3569 dicta
917 3506 988 3570 hora
1005 3506 1147 3571 videlicet
1168 3507 1277 3570 'larcia
1296 3504 1443 3588 elegimus
1459 3506 1515 3567 rite

330 3620 360 3678 et
384 3613 517 3696 legitime
541 3612 689 3677 dominum
713 3615 872 3701 Rapcram
899 3615 1086 3699 sepedictum
1109 3617 1139 3679 in
1166 3619 1300 3680 nostrum
1328 3619 1358 3681 et
1384 3613 1514 3678 ecclesie

329 3730 431 3789 nostre
447 3722 595 3786 dominum
612 3728 643 3787 et
657 3720 812 3806 prelatum,
825 3743 912 3807 qoem
922 3724 1113 3790 Revercodus
1130 3725 1160 3789 in
1172 3724 1293 3788 Christo
1306 3724 1395 3789 Pater
1408 3724 1512 3789 Domi·

328 3854 382 3897 nus
402 3831 623 3904 Wemlrcrdas,
641 3832 838 3897 Pctaciensis
854 3833 1024 3921 episcopas
1042 3836 1086 3899 sic
1103 3833 1231 3900 electum
1247 3835 1306 3898 rite
1323 3839 1353 3897 et
1370 3836 1513 3900 canonice

328 3941 523 4007 confirmavit.
553 3939 618 4022 Quo
641 3940 722 4004 circa
745 3941 771 4003 si
794 3941 930 4005 dominus
952 3946 1133 4010 [ladmones
1155 3965 1211 4028 per
1231 3964 1265 4007 se
1282 3943 1330 4008 vel
1346 3964 1402 4027 per
1424 3946 1512 4009 alium

327 4059 397 4136 aput
413 4049 515 4115 sedem
536 4047 729 4132 apostolicam
746 4049 794 4114 vel
819 4050 890 4116 alibi
911 4052 1022 4137 aliquid
1045 4055 1283 4139 attemptaverit,
1305 4055 1513 4138 procuraverit

326 4160 373 4222 vel
395 4160 490 4223 eciam
512 4158 615 4222 literas
637 4158 853 4242 impetraverit,
875 4161 1049 4245 profitemur
1075 4182 1140 4227 cum
1157 4161 1382 4245 protestacione
1402 4162 1432 4226 in
1454 4164 1512 4227 hiis

328 4268 465 4353 scriptis,
489 4266 642 4352 qnod-hoc
665 4287 723 4331 nou
746 4272 793 4331 cst
809 4290 864 4334 nec
880 4271 935 4334 luit
951 4292 1006 4337 uec
1022 4272 1081 4335 erit
1096 4272 1134 4336 dc
1150 4277 1251 4335 nostra
1263 4273 1351 4344 scitu,
1368 4271 1511 4356 benepla-

327 4379 386 4441 cito
399 4376 445 4440 vel
458 4397 616 4449 consensu,
625 4379 694 4460 qnin
704 4378 762 4441 imo
775 4379 816 4442 sit
829 4386 858 4442 et
867 4380 917 4442 tiat
928 4379 1030 4462 pocius
1042 4381 1071 4442 in
1085 4385 1216 4443 nostrum
1229 4386 1260 4444 et
1269 4380 1510 4445 nostrsccclesie

325 4486 521 4571 preiudicium
538 4505 597 4549 non
612 4486 758 4550 modicum
776 4493 805 4550 et
822 4508 996 4569 gravenam
1021 4509 1087 4551 cum
1110 4489 1185 4572 ipse.
1209 4487 1349 4553 videlicet
1372 4490 1507 4555 dominns

324 4597 503 4660 Hodmaras
530 4615 584 4679 per
610 4616 681 4658 suos
709 4616 831 4659 errores
855 4602 885 4660 et
900 4598 1104 4679 negligencias
1128 4616 1214 4681 quam
1238 4597 1379 4681 plurimas
1404 4603 1435 4661 et
1450 4619 1506 4681 per

324 4703 570 4786 dilapidacionem
593 4704 741 4776 ecclesie,
770 4705 849 4769 sicot
876 4706 1046 4771 visitatores
1071 4705 1187 4790 plenius
1208 4708 1458 4790 conscripserunt
1480 4714 1509 4770 ct
