3242 5350
304 502 381 572 330

300 675 450 739 Consensi
477 682 510 740 et
536 696 624 739 mauu
650 678 772 760 proprie
801 675 969 740 subscribo.
1002 676 1041 739 llt
1062 694 1121 758 ego
1143 676 1329 762 Stcpbonus
1350 677 1498 760 predictis

302 784 424 846 interlui
440 788 471 847 et
487 784 517 846 in
532 783 684 848 dominum
701 782 850 848 Ortollum
867 786 1009 847 consensi
1032 789 1064 847 et
1079 803 1168 847 rnanu
1184 785 1307 866 propria
1324 784 1496 849 subscribo.

302 927 346 938 -
362 892 483 955 interlui
510 898 541 955 et
566 893 595 955 in
619 891 771 955 dominum
793 890 939 955 Ortollum
964 893 1106 956 consensi
1128 896 1159 955 et
1183 911 1268 954 manu
1284 893 1407 976 propria
1424 893 1499 956 sub-

302 999 414 1063 scribo.
442 999 480 1062 dt
507 1019 564 1080 ego
594 1000 758 1064 hainricus
779 999 915 1065 Snccscl
939 999 1085 1083 predictis
1109 999 1231 1063 interlui
1254 1002 1329 1064 etin
1346 1001 1498 1064 dominum

300 1106 449 1172 Crtoltum
477 1108 618 1172 consensi
644 1113 734 1172 et-
750 1107 896 1190 predictis
920 1107 1041 1170 intertui
1069 1111 1100 1170 et
1127 1109 1156 1169 in
1180 1108 1330 1171 dominum
1347 1107 1498 1173 Ortollum

301 1216 442 1279 consensi
459 1222 490 1281 et
505 1236 593 1278 manu
608 1216 730 1299 propria
743 1214 903 1279 subscribo
923 1248 962 1261 -—
981 1214 1123 1279 electioni
1152 1216 1275 1280 intertui
1298 1224 1330 1281 et
1350 1218 1381 1280 iu
1399 1217 1498 1282 domi·

302 1344 370 1387 num
386 1322 533 1387 Crtoltum
551 1323 692 1387 consensi
717 1329 749 1387 et
764 1344 850 1387 manu
866 1325 988 1409 propris
1006 1321 1175 1387 subscribo.
1209 1323 1247 1386 ut
1270 1344 1329 1408 ego
1348 1326 1498 1392 Andreas

301 1434 341 1497 dc
356 1432 495 1498 Pctuoic
512 1431 659 1514 predictis
676 1468 718 1478 -
735 1438 766 1496 et
789 1451 874 1494 manu
899 1430 1022 1514 propria
1045 1429 1213 1496 subscribo.
1239 1438 1271 1496 et
1294 1453 1352 1515 ego
1378 1435 1497 1501 Cholo-

300 1562 412 1605 nsanos
435 1539 581 1623 predictis
603 1540 727 1603 interlui
750 1546 782 1603 et
804 1539 836 1601 in
857 1537 1007 1602 dominum
1029 1535 1177 1603 Ortoltum
1200 1544 1343 1605 consensi
1359 1550 1391 1606 et
1407 1562 1497 1606 mann

302 1646 424 1731 propris
437 1647 608 1711 subscribo.
627 1684 670 1693 -
686 1647 715 1709 in
732 1646 883 1710 dominum
900 1644 1048 1708 Ortolium
1066 1649 1207 1710 consensi
1223 1655 1254 1711 et
1269 1669 1357 1713 mauu
1373 1650 1499 1734 propria

301 1755 472 1820 subscribo.
496 1754 535 1819 ut
556 1776 615 1838 ego
638 1755 790 1821 Nicobsus
810 1755 906 1839 stopo
932 1754 1081 1836 predictis
1102 1756 1224 1819 interlui
1242 1761 1274 1820 et
1295 1759 1326 1821 in
1343 1758 1496 1821 dominum

299 1861 449 1927 Ortollum
473 1864 612 1928 consensi
636 1869 667 1928 et
688 1883 775 1926 manu
795 1864 977 1946 propria-
991 1845 1036 1925 ds
1066 1865 1352 1951 compromissariis
1377 1887 1497 1952 supra·

301 1971 396 2036 dictis
411 1972 557 2054 predictis
574 1970 711 2035 omuibus
728 1971 849 2034 interlui
873 1976 903 2034 et
926 1971 955 2033 in
973 1969 1123 2034 dominum
1140 1970 1288 2035 Crtoltum
1306 1974 1450 2038 consensi
1467 1978 1498 2037 et

301 2099 388 2143 manu
404 2080 525 2163 propris
541 2079 612 2143 huic
630 2079 755 2143 decreto
772 2077 942 2142 subscribo.

392 2187 431 2252 dl
447 2206 506 2267 ego
522 2189 635 2253 Petms
651 2189 830 2253 Hmmonni
844 2188 884 2251 dc
904 2186 1113 2272 Wopdbofen,
1138 2186 1276 2251 Clericus
1293 2188 1394 2253 Pstav.
1412 2190 1496 2255 dioc.

299 2301 413 2360 auctor.
431 2294 579 2378 lmperisli
601 2294 740 2379 publicus
763 2294 895 2358 notorius
920 2293 1056 2376 predicte
1070 2295 1230 2361 Electioni
1245 2297 1496 2384 Comproncisso·

300 2404 420 2468 domm
435 2424 470 2467 sc
487 2402 634 2467 scrutinio
651 2403 814 2467 eorundem
832 2438 875 2449 -
892 2402 931 2466 de
948 2403 1066 2466 domino
1082 2401 1220 2475 octono,
1248 2410 1280 2468 ut
1301 2405 1495 2488 premittitur,

300 2509 454 2576 celebrate
489 2520 521 2575 et
555 2511 689 2574 eiusdem
725 2510 883 2574 electionis
912 2510 1105 2595 publicationi
1137 2531 1172 2575 sc
1203 2510 1496 2595 promulgationibus

300 2621 429 2686 omnium
442 2627 472 2686 et
484 2620 676 2705 Singulorum
692 2618 908 2683 canonicorum
922 2617 1052 2702 predicti
1069 2619 1415 2685 monaster-omuibus
1430 2620 1496 2685 nliis

299 2734 330 2794 et
345 2729 473 2812 singulis
489 2729 645 2813 premissis
671 2727 795 2792 interlui
811 2734 842 2790 et
859 2726 956 2790 omnio
973 2727 1110 2810 predicta
1128 2748 1214 2792 manu
1231 2730 1352 2812 propriu
1369 2730 1400 2793 in
1413 2728 1494 2795 banc

297 2839 421 2902 sormam
438 2837 586 2920 publicam
602 2836 710 2918 redegi
728 2854 854 2920 meoque
872 2836 959 2918 signo
976 2834 1065 2899 solito
1078 2843 1108 2900 et
1125 2842 1279 2902 consueto
1296 2874 1339 2884 —
1356 2842 1492 2920 rogatus.

387 2971 465 3025 Diese
480 2970 674 3024 stlurtuuds
694 2968 783 3023 surde
804 2987 853 3024 von
873 2968 933 3023 dem
946 2968 1105 3024 tlolsdectel
1125 2971 1199 3023 einer
1218 2970 1388 3025 llsndscbrilt
1407 2971 1435 3025 in
1449 2972 1494 3027 l'ol.

298 3061 345 3114 snt
355 3062 513 3130 Pergsmcnt
527 3077 574 3113 sus
587 3058 645 3114 dem
666 3061 709 3113 11.
731 3057 911 3113 Jshrlrundsrt
924 3059 1062 3128 sbgclbst,
1083 3059 1183 3111 welche
1203 3061 1280 3113 nsbst
1299 3060 1350 3113 don
1364 3060 1494 3115 tlomilieu

300 3148 347 3204 des
371 3150 395 3203 tr.
409 3150 541 3219 Augustis
564 3149 631 3204 such
650 3148 693 3202 die
716 3149 895 3214 „collationes
918 3149 1041 3202 Petrum‘
1065 3148 1168 3201 enthilt
1186 3148 1238 3202 und
1258 3167 1299 3203 sm
1312 3149 1439 3204 Schlusse
1453 3150 1496 3204 dic

300 3239 403 3295 Scbsitt
421 3242 506 3310 trigt:
536 3241 609 3293 Anno
630 3238 732 3292 Domini
757 3236 1027 3293 nnccctuxxxtss.
1057 3242 1224 3309 comparatus
1252 3243 1296 3292 est
1318 3241 1370 3294 ists
1394 3240 1495 3294 libers

298 3329 447 3384 Venerabili
465 3330 576 3384 Domino
595 3329 674 3382 Petro
693 3328 906 3398 Neunburgcnsis
920 3329 1040 3381 Ecclesie
1058 3331 1121 3382 tuuc
1140 3329 1267 3397 temporis
1279 3328 1428 3392 Celerurio,
1448 3347 1496 3385 uec

299 3435 351 3472 uon
360 3418 494 3475 Csnouioo
507 3417 610 3472 ibidem.
631 3418 731 3471 Finitus
745 3418 769 3471 in
783 3416 870 3485 vigilis
884 3417 998 3470 Barbare
1013 3415 1133 3488 Virginis.

388 3507 434 3562 Sis
457 3511 491 3562 ist
512 3523 582 3561 rwsr
606 3524 655 3560 nur
675 3506 715 3560 ein
740 3506 870 3575 minhselig
893 3524 924 3559 su
948 3505 1133 3561 entsitlsmdes
1160 3507 1339 3568 Brucbstu'rct,
1366 3509 1431 3562 uber
1450 3508 1496 3560 nir

300 3598 410 3652 erseben
421 3598 490 3650 deun
504 3596 573 3650 docb
587 3596 695 3657 dsrsus,
714 3594 775 3648 dsss
788 3596 831 3649 dio
845 3595 919 3649 stl
935 3595 1019 3649 durch
1033 3597 1209 3668 Compromiss
1223 3598 1356 3669 gosolnh,
1376 3599 1440 3653 dass
1454 3598 1496 3651 dis

298 3689 398 3742 Ausubl
413 3688 461 3743 der
475 3687 583 3741 Wdhler
596 3687 667 3740 nicht
680 3688 745 3739 r'rber
758 3687 793 3739 11
805 3685 891 3755 stleg,
910 3686 962 3738 und
986 3686 1091 3740 werden
1116 3688 1162 3741 mit
1174 3688 1191 3741 5
1204 3704 1288 3742 neuen
1302 3687 1428 3741 Glisderu
1448 3688 1495 3742 des

297 3779 393 3833 Stiltcs
416 3779 544 3839 bekannt,
564 3794 613 3830 non
626 3777 710 3830 denen
724 3777 771 3830 der
789 3777 869 3829 letste
892 3777 933 3830 ein
953 3776 1025 3830 Sobu
1048 3777 1096 3831 des
1119 3779 1151 3830 im
1164 3776 1327 3833 lancelotto
1340 3778 1400 3850 (Nr.
1415 3777 1494 3848 2⁷4.)

297 3870 336 3924 als
349 3867 528 3923 Stsdtrichter
543 3867 749 3921 erscbciusndsu
764 3867 864 3920 Rittors
878 3868 953 3937 llngo
966 3867 1036 3921 urolt
1048 3868 1090 3921 ist„

761 4099 1029 4180 CCCXXXVII.

299 4236 396 4294 verim
419 4236 470 4291 der
495 4237 674 4293 Pretzmonn
691 4235 784 4308 stittet
805 4236 858 4306 fur
879 4235 939 4290 sict
959 4235 1019 4290 ond
1039 4237 1117 4290 scine
1134 4235 1285 4307 chsftou
1297 4236 1410 4293 lllsdetb
1422 4236 1492 4293 orosi
1592 4299 1593 4304 ἵ

829 4323 976 4393 Jobrtope.

709 4434 768 4487 unt.
789 4433 815 4487 1.
835 4433 994 4504 September
1014 4433 1092 4489 1349.

386 4563 438 4627 lch
452 4561 574 4627 Vlreicls
586 4564 645 4628 der
655 4563 832 4626 Prcccman
847 4560 908 4624 vnd
924 4561 974 4626 ich
990 4563 1103 4649 Elspct
1118 4563 1187 4628 scin
1204 4562 1373 4628 bausororo
1391 4561 1495 4626 Veris-
1591 4637 1592 4650 χ

297 4673 435 4738 cben-
453 4670 509 4734 dec
526 4671 641 4735 wir-
658 4671 712 4734 mit
739 4692 849 4736 orsscrs
864 4678 1067 4759 omptnmnns
1083 4671 1173 4744 bant,
1207 4671 1284 4736 hem
1299 4673 1421 4738 Jonscn
1443 4671 1496 4737 dos
