3242 5350
281 496 359 568 208

280 674 353 736 scrri
375 672 561 758 postulante,
586 673 680 737 altera
704 694 776 738 rer-o
801 682 887 756 parte
909 696 963 757 per
985 678 1198 763 contumaciam
1216 677 1355 750 absente,
1385 684 1474 745 cuius

279 784 451 846 absenciam
464 782 563 844 diuina
577 781 717 865 suppleat
729 784 899 865 presencia,
917 782 1030 846 Christi
1047 785 1166 847 nomine
1178 786 1315 850 invocato
1328 787 1473 861 Dicimus,

281 891 515 954 Pronunciamus
532 896 562 952 et
578 888 774 954 Declaramus
795 891 962 973 predictum
979 890 1129 953 dominum
1147 892 1331 976 Stephanum
1347 906 1475 979 propter

281 999 455 1082 peticiones,
480 1020 537 1082 per
563 1018 629 1061 eum
651 998 739 1062 dictis
762 998 911 1061 iudicibus
934 1019 989 1062 seu
1012 999 1240 1082 inquisitoribus
1263 1010 1420 1084 porrectas
1442 1010 1476 1067 et

281 1108 481 1190 excepeioues
509 1111 697 1190 contemptas
724 1107 753 1168 in
780 1104 989 1190 appellatione
1016 1127 1072 1190 per
1099 1127 1167 1171 cum
1194 1115 1264 1171 ante
1287 1116 1475 1176 sentenciam

279 1216 456 1299 interposita
473 1236 530 1279 nou
547 1216 706 1287 admissas,
723 1235 778 1300 per
794 1215 893 1278 dictos
909 1213 1025 1278 iudices
1042 1215 1108 1278 lore
1124 1220 1290 1295 gravatum,
1306 1220 1476 1301 prefatum·

282 1346 339 1408 que
356 1326 540 1408 prepositum
556 1323 635 1387 bene
650 1327 682 1386 et
697 1324 831 1406 legitime
848 1322 1008 1405 apellassa,
1025 1329 1057 1385 et
1071 1323 1152 1405 ipsos
1170 1308 1284 1388 iudices
1300 1347 1354 1390 seu
1370 1329 1473 1419 inqui-

282 1434 391 1496 sitores
408 1452 567 1516 perperam
589 1439 619 1493 et
642 1431 718 1494 male
740 1432 943 1514 processisse,
965 1432 995 1494 in
1020 1431 1078 1494 hiis
1103 1432 1224 1517 scriptis
1247 1437 1477 1500 sentencialiter
1601 1470 1602 1475 κ

282 1539 445 1603 iudicamus
462 1547 493 1603 ct
509 1541 680 1614 diffinimus,
698 1543 822 1622 insuper
838 1538 934 1600 omnia
952 1543 1124 1625 attemptata
1147 1545 1178 1604 et
1199 1544 1335 1606 innovata
1359 1550 1478 1628 postet

282 1654 388 1713 contra
415 1647 652 1732 appellacionem
676 1669 691 1712 a
714 1646 869 1712 diffinitiva
898 1648 1060 1712 Sentencia
1087 1647 1235 1712 dictorum
1257 1650 1390 1714 lodicum
1418 1674 1476 1717 seu

282 1757 488 1841 inquisitorum
505 1756 723 1839 interpositam,
735 1755 882 1820 Similiter
895 1760 926 1818 ct
937 1757 1046 1827 omnia,
1060 1778 1118 1840 que
1131 1756 1228 1821 medio
1245 1763 1379 1843 tempore
1395 1762 1477 1824 inter

282 1863 466 1928 sentenciam
490 1870 522 1927 et
549 1863 785 1948 appellacionem
813 1864 844 1925 in
871 1864 1068 1949 preiudicinm
1097 1864 1169 1930 dicti
1191 1867 1303 1930 domini
1326 1872 1477 1953 prepositi

282 1979 351 2036 sunt
374 1974 521 2045 innovate,
544 1973 709 2036 Processus
731 1992 850 2060 quoque
872 1978 903 2036 et
924 1976 1095 2036 sentencias
1119 1981 1150 2035 et
1169 1976 1369 2039 execuciones
1384 1997 1479 2059 uuas·

284 2101 411 2166 cumque
434 2082 568 2164 priorum
589 2081 719 2144 iudicum
742 2102 796 2145 seu
822 2082 1029 2165 inquisitorum
1052 2088 1189 2163 tanquam
1210 2083 1307 2146 minus
1327 2087 1422 2147 iustas
1445 2093 1480 2149 et

283 2196 353 2274 post
367 2210 403 2253 ac
420 2195 524 2253 contra
541 2189 778 2274 appellacionem
790 2189 923 2272 legitime
936 2188 973 2251 ad
989 2189 1092 2252 sedem
1107 2192 1300 2272 apostolicam
1313 2193 1350 2257 ab
1361 2195 1480 2257 eisdem

283 2299 447 2363 sentenciis
463 2299 672 2383 interpositam
688 2300 762 2362 latas
779 2304 810 2361 et
822 2299 929 2370 factas,
947 2306 977 2360 et
993 2296 1136 2381 quidquid
1152 2318 1189 2362 ex
1205 2301 1250 2363 eis
1266 2309 1402 2366 secutum
1418 2310 1479 2376 est,

283 2408 330 2471 vel
348 2409 509 2471 occasione
531 2408 680 2491 ipsarum,
698 2427 733 2470 ac
751 2405 936 2471 eleccionem
959 2405 1089 2489 predicti
1110 2408 1211 2471 fratris
1228 2409 1322 2474 Vlrici
1338 2416 1480 2497 tanquam

285 2518 381 2581 minus
396 2516 523 2583 validam
540 2522 570 2579 et
585 2520 656 2599 post
671 2514 908 2598 appellacionem
927 2535 943 2577 a
968 2513 1123 2578 diffinitiva
1141 2519 1306 2590 sentencia,
1324 2522 1355 2582 rt
1371 2520 1480 2601 predi-

283 2627 370 2698 citur,
386 2624 602 2708 interpositam,
619 2628 688 2688 ante
705 2625 801 2688 omnia
814 2642 999 2696 remeamus,
1016 2643 1169 2689 cassamus
1186 2630 1217 2689 et
1232 2626 1393 2700 irritamus,
1410 2647 1480 2710 ymo

284 2738 350 2819 ipso
363 2735 429 2796 iurc
442 2732 540 2795 omnia
552 2732 690 2817 predicta
702 2752 800 2804 cassa,
812 2733 896 2796 irrita
911 2740 941 2796 et
953 2734 1060 2805 inania,
1069 2754 1105 2798 ac
1117 2735 1226 2798 nullius
1237 2736 1377 2798 momenti
1384 2737 1481 2799 luisse

284 2853 314 2907 et
339 2862 427 2914 esse,
444 2843 583 2905 invocata
600 2841 733 2924 Spiritus
750 2842 848 2903 sancti
864 2843 966 2922 gracia
990 2844 1018 2904 in
1035 2842 1092 2905 biis
1110 2844 1233 2925 scriptis
1250 2842 1481 2907 sentencialiter

284 2951 480 3020 declaramus,
498 2952 741 3032 pronunciamus,
759 2948 920 3011 diffinimus
936 2955 1050 3033 partem
1067 2950 1222 3014 adversam
1240 2954 1270 3015 in
1288 2952 1428 3034 expansis
1446 2952 1477 3014 in

283 3060 336 3123 lite
349 3064 379 3123 et
395 3064 477 3121 extra
494 3056 576 3121 litem
589 3057 689 3128 factis,
706 3062 860 3120 reservata
876 3058 961 3121 nobis
978 3060 1144 3132 taxacione,
1161 3080 1214 3123 seu
1228 3060 1264 3123 ad
1278 3079 1385 3143 penam
1398 3059 1482 3122 arbi·

283 3168 405 3232 trariam
434 3187 488 3249 per
510 3187 564 3229 nos
587 3166 704 3228 nomine
733 3185 931 3248 expensarum
952 3166 1144 3248 infligendam
1167 3143 1375 3231 nichilominus
1403 3186 1482 3232 con·

284 3275 493 3358 dempuautes.
517 3274 613 3337 Lecta
636 3281 667 3337 ct
687 3274 746 3337 lata
769 3278 816 3336 cst
839 3273 896 3338 hec
911 3276 1065 3338 sentencia
1082 3276 1166 3338 huno
1183 3276 1302 3340 Domini
1317 3274 1480 3338 hlillcsimn

285 3383 370 3447 000ο
388 3382 537 3447 Vicesimo
565 3388 671 3466 quarto
695 3384 828 3465 proxima
850 3383 925 3445 feria
948 3384 1048 3466 quinta
1072 3390 1142 3466 post
1169 3384 1276 3447 testum
1300 3383 1481 3448 blichahelis

283 3491 467 3573 Archangeli
491 3493 526 3555 ia
547 3491 715 3575 refectorio
738 3490 902 3555 Scatonem
926 3493 960 3555 in
981 3493 1120 3565 Wicuna,
1137 3493 1331 3574 presentibus
1348 3492 1483 3575 yllustri-

283 3600 340 3663 bus
357 3599 547 3682 Principibus
561 3597 695 3660 bominis
707 3599 836 3664 Alberto
847 3607 878 3663 ct
888 3601 1010 3671 Ottouc,
1019 3601 1158 3664 Ducibus
1170 3603 1297 3666 Austris
1312 3609 1343 3665 et
1359 3602 1482 3685 Styric,

283 3709 429 3774 Dominis
444 3703 592 3792 Raidolsm
608 3707 799 3794 Spripuausi
813 3709 982 3793 Episcopo,
1000 3710 1148 3773 Ludwico
1166 3710 1285 3773 Cornitc
1309 3711 1349 3774 de
1373 3688 1481 3795 bucy,

286 3816 466 3882 carosiana
488 3817 653 3902 aniscro'
667 3817 708 3880 de
728 3815 959 3903 Leupcnpacb,
985 3817 1151 3882 chordo
1175 3819 1215 3882 da
1239 3812 1340 3905 prcl
1355 3818 1482 3901 Lepcis.

284 3947 323 3989 ac
344 3925 599 3996 Honorabilibus,
621 3925 770 3989 discretis
792 3927 929 3989 dominis
952 3927 1092 3990 Haurico
1116 3927 1254 3990 Plebano
1277 3926 1311 3989 ia
1339 3927 1484 4001 Wicnuu,

284 4033 440 4119 Mopiatro
456 4033 596 4099 Hearico
618 4033 658 4096 dc
685 4032 877 4105 utacum,
903 4034 1041 4098 Plebono
1063 4035 1096 4097 iu
1118 4035 1303 4105 Rotcumaru
1325 4034 1484 4119 Mapistro

284 4143 434 4212 chrico,
450 4142 586 4226 plebano
602 4142 637 4205 in
655 4141 709 4211 ua.
730 4141 829 4206 Vlrico
841 4142 882 4205 da
893 4141 1036 4226 Adryala
1053 4143 1214 4207 Riaboccr
1229 4139 1391 4215 Wcstvala
1409 4144 1484 4206 Plc-

285 4249 367 4312 baun
383 4248 418 4312 in
429 4249 533 4321 Staio,
552 4248 730 4333 ceterisque
746 4248 805 4313 tide
818 4250 928 4330 dignis.
945 4251 976 4313 ln
993 4270 1117 4334 quorum
1134 4250 1263 4314 omniurn
1280 4250 1484 4314 testimouium

285 4356 420 4438 presenti
438 4357 601 4420 Sentencie
620 4357 727 4440 Sigilla
745 4363 848 4420 nostra
864 4362 934 4421 sont
957 4379 1100 4441 appensa.

375 4464 415 4527 Et
430 4485 489 4546 ego
510 4466 698 4536 Valentinus,
715 4466 827 4530 Potau.
845 4467 933 4550 ripae.
953 4467 1109 4538 Clericus,
1131 4466 1279 4549 imperiali
1304 4469 1485 4532 auctoritate

285 4572 428 4636 Notarius
445 4572 582 4657 publicus
603 4575 759 4657 premissis
785 4573 922 4637 omnibus
947 4580 976 4635 ct
999 4573 1126 4656 singulis
1150 4575 1385 4657 suprascriptis
1409 4582 1484 4659 puta

285 4680 519 4752 Commissionis,
539 4680 713 4753 Citacinnis,
731 4682 941 4754 Execucionis,
959 4681 1241 4764 Subdelegacionis,
1259 4684 1486 4766 presentacioui
