3242 5350
1276 543 1326 617 23

138 727 190 791 dass
210 727 249 790 de
270 725 444 813 diaspenis,
470 732 501 789 ot
524 724 667 789 dominus
685 722 757 788 Otto
776 725 885 807 frater
908 743 993 787 mous.
1015 722 1168 787 Dominus
1194 721 1265 786 Otto
1288 721 1330 785 de

137 835 234 900 Sozoa.
250 835 408 899 Dominus
423 833 607 898 Dietmosus
622 833 662 897 do
677 831 903 915 bodmorstorfi
922 831 1076 895 Dominus
1092 830 1263 895 Ηείνινίοιιε
1285 830 1325 894 de

137 945 201 1029 luo.
217 944 374 1008 Donsirrus
387 944 537 1008 numme
552 943 593 1007 do
605 940 758 1029 praebito.
775 941 930 1005 Dominus
945 939 1160 1006 Marobordus
1174 938 1330 1024 Manates

138 1051 267 1118 (lettorii.
285 1052 445 1117 Dominus
465 1052 628 1116 Dietra’oam
649 1050 690 1115 do
707 1049 917 1137 Obolnperqo.
944 1048 1098 1113 Dominus
1122 1047 1267 1134 Ruyerua
1288 1046 1329 1110 de

135 1160 364 1244 Norozeudosf.
394 1161 514 1226 Vlricrcs
538 1160 579 1224 ue
602 1158 838 1241 Cbriouendoos
856 1165 888 1222 et
910 1157 1097 1222 Friderieua
1116 1158 1224 1240 frater
1242 1176 1327 1219 auus.

136 1269 207 1333 Cbol
225 1269 266 1332 de
290 1269 505 1334 Neruubnrob.
530 1268 702 1333 Hoimious
722 1268 763 1333 de
778 1266 1018 1351 Stoyozendors.
1045 1267 1116 1331 ouo
1139 1267 1179 1330 de
1199 1269 1328 1355 liquen-

133 1376 224 1443 burols
240 1382 272 1440 et
290 1377 343 1440 alii
361 1397 448 1462 quam
468 1376 583 1461 plures.

804 1463 862 1517 neg.
873 1464 935 1516 eug.
951 1461 1016 1517 (sep.
1027 1463 1072 1503 vo.
1082 1465 1118 1505 ur.
1127 1465 1147 1512 s,
1156 1464 1195 1504 nr.
1205 1461 1272 1517 sn.)

195 1554 235 1608 An
255 1554 345 1609 eiaem
372 1555 644 1625 Pergrmenlslreileu
670 1556 753 1625 langa
774 1556 815 1610 eiu
842 1555 934 1625 Siegel
959 1572 1009 1609 voa
1028 1554 1167 1609 desselben
1192 1552 1258 1614 Art,
1280 1553 1330 1607 vis

133 1646 259 1701 llsdmar's
277 1664 332 1701 von
350 1647 490 1715 Kuenriug
508 1647 541 1700 ad
554 1664 578 1700 n.
598 1646 684 1711 124&
703 1648 747 1702 dio
762 1646 946 1701 Plerdedeolvs
966 1646 1042 1709 lebll,
1061 1646 1108 1700 das
1123 1647 1210 1716 llaupl
1223 1645 1258 1699 ist
1270 1647 1330 1698 sul·

131 1737 214 1796 blossl,
223 1735 273 1789 der
284 1737 355 1789 Slab
369 1738 436 1790 sibor
449 1735 492 1790 dle
506 1737 598 1790 reohle
612 1736 739 1791 Schulter
751 1738 876 1809 gelehut3
890 1738 923 1790 im
936 1737 1043 1799 Mantel,
1058 1735 1106 1789 mil
1118 1736 1176 1789 dem
1191 1736 1329 1790 Sohverta

131 1829 265 1897 umgfirlel,
285 1827 352 1880 silut
371 1826 420 1881 der
439 1827 578 1881 llarsoball
599 1845 630 1881 uu
649 1827 755 1881 Plerde.
774 1826 932 1881 Umsobvilt:
952 1826 975 1897 †
994 1826 1022 1880 S.
1041 1825 1155 1881 Heinrioi
1175 1823 1329 1894 Cbunriugii

131 1916 279 1971 lursebslei
300 1916 421 1972 Austrie.

657 2050 796 2121 xxvul.

129 2186 221 2259 Μαί
247 2186 393 2243 Nicotaus
417 2187 557 2259 salossa,
583 2186 670 2241 duret
689 2186 736 2241 die
756 2185 833 2242 Notb
856 2186 1010 2257 ydromel,
1033 2185 1095 2241 dem
1119 2186 1254 2242 consur
1278 2186 1330 2242 der

129 2276 271 2333 deutschen
300 2278 418 2335 Hermen
439 2297 478 2334 zu
510 2279 603 2342 Wien‚
633 2277 738 2349 Orlolf,
757 2277 809 2332 dor
828 2278 978 2347 nemeen
998 2295 1054 2332 oon
1075 2276 1144 2349 27,
1165 2279 1271 2333 Jooben
1290 2294 1329 2333 au

648 2367 805 2441 Nusadors.

642 2478 719 2530 Anno
729 2475 811 2530 1276.

209 2571 348 2655 Propter
357 2576 523 2654 temporum
532 2568 759 2633 mutabilitatem
773 2588 831 2633 ueo
844 2588 904 2631 uon
914 2569 974 2632 vite
987 2569 1135 2633 bominum
1149 2569 1327 2634 brevitatem

28 2664 29 2667 Ἴ
127 2679 327 2762 dignumst,
353 2685 396 2754 ut,
414 2700 472 2765 que
488 2685 635 2763 perpetua
658 2678 800 2742 firmitate
832 2677 1001 2742 subsistere
1024 2677 1153 2748 debent,
1177 2680 1328 2764 scripture

127 2791 298 2853 testimonio
316 2793 408 2874 alque
423 2788 545 2852 testium
561 2786 741 2852 adminiculo
758 2786 794 2851 ad
812 2791 987 2871 perpetuam
1004 2788 1048 2849 rei
1065 2789 1237 2851 memoriam
1254 2809 1327 2872 pev-

127 2896 302 2962 benneutur.
322 2897 491 2980 Eapropler
507 2917 560 2961 nos
581 2897 743 2981 Nyoolous
764 2895 820 2959 dei
835 2896 945 2982 qratia
968 2896 1153 2982 prepositus
1177 2905 1328 2981 totumque

129 3007 288 3089 capitulum
307 3005 451 3069 Eeolesie
466 3003 706 3087 Neuburgensis
723 3010 782 3067 tam
798 3003 994 3088 presentibus
1014 3024 1101 3088 quam
1118 3005 1227 3069 tuturis
1251 3006 1328 3070 ivano

127 3113 251 3177 litteram
267 3112 460 3178 intuentibus
478 3115 614 3197 cupimus
640 3113 707 3175 iore
724 3116 840 3183 notum,
864 3111 950 3194 Quod
968 3130 1023 3175 nos
1046 3112 1176 3176 unanimi
1197 3113 1324 3178 oonsilio

129 3241 159 3285 ae
173 3224 280 3285 lavore
294 3223 400 3306 fratri
417 3223 539 3307 Ortolso
556 3221 739 3286 honorabili
750 3220 1002 3285 Commendotori
1012 3222 1121 3286 domus
1136 3221 1329 3286 Tbeutonioe

131 3333 161 3394 iu
178 3332 324 3402 W'oenuu,
342 3329 479 3395 omnibus
496 3330 638 3394 iratribus
652 3327 787 3393 eiusdem
799 3329 907 3392 domus
924 3328 1035 3393 ibidem
1049 3334 1195 3413 perpetuo
1213 3329 1329 3412 degen-

129 3438 202 3501 tibus
226 3439 287 3503 Jus
314 3445 484 3503 montanum
509 3438 547 3501 de
570 3438 686 3503 duobus
710 3435 875 3521 iugeribus
901 3441 931 3499 et
951 3436 1074 3501 dimidio
1098 3438 1253 3501 vinearum
1270 3459 1324 3502 uos

129 3548 364 3631 contingentium
380 3546 568 3611 vendidimus
590 3567 646 3630 pro
663 3546 868 3629 Quadraginta
887 3544 997 3609 Marcis
1015 3546 1149 3627 argenti,
1172 3545 1328 3631 Omneque

129 3656 187 3728 ius,
210 3657 296 3742 quod
314 3657 345 3719 in
362 3655 477 3719 eisdem
503 3655 616 3728 vineis,
641 3655 763 3740 quasin
780 3653 1047 3737 subsequentibus,
1064 3660 1168 3719 nostre
1192 3656 1325 3720 eoelesie

129 3771 300 3851 competere
317 3763 490 3838 videbatur,
511 3763 651 3847 prediolo
675 3763 781 3827 domus
812 3762 953 3826 fratribus
976 3761 1153 3826 tradidimus
1177 3762 1272 3827 libere
1295 3765 1325 3828 ln

129 3879 306 3958 perpetuum
322 3871 547 3955 possidendum.
565 3870 604 3935 Vt
626 3877 725 3935 autom
740 3871 858 3934 nomina
874 3875 905 3933 et
920 3870 996 3934 situs
1014 3871 1167 3935 vinearum
1185 3878 1329 3936 aoourate

130 3983 270 4064 eognosei
288 3982 409 4045 valeant
424 3986 455 4045 et
471 3981 618 4053 disserui,
641 3980 778 4065 presenti
800 3980 911 4064 pagina
928 3981 1010 4063 ipsas
1028 3979 1132 4042 vineas
1155 3979 1328 4042 nominatim

130 4092 296 4155 mravimus
320 4089 487 4154 declarare.
510 4088 544 4152 ln
560 4091 647 4155 alten
673 4089 766 4173 Vrsor
788 4087 847 4152 duo
859 4088 986 4170 jugera,
1010 4086 1172 4173 dequibus
1196 4088 1329 4173 quinquo

130 4218 200 4263 vrne
215 4220 272 4284 pro
290 4199 358 4263 iure
380 4206 519 4262 montano
536 4204 641 4261 nostre
663 4198 796 4263 ecclesie
819 4198 904 4261 annis
921 4195 1049 4278 singulis
1067 4194 1271 4261 solvebantur.
1295 4198 1328 4260 ln

133 4307 186 4371 der
199 4309 325 4373 mdes
342 4307 459 4373 Solebas
480 4307 613 4371 medium
626 4308 731 4389 iuges,
752 4306 791 4369 de
808 4325 866 4390 quo
888 4306 1052 4370 Dietmoro
1069 4306 1110 4370 de
1124 4313 1234 4371 saneto
1257 4308 1327 4372 loeo

130 4435 182 4478 vna
196 4436 271 4481 vrna
288 4423 319 4480 et
336 4415 459 4480 dimidia
475 4435 529 4498 pro
545 4415 620 4479 duro
636 4420 776 4478 montano
792 4412 973 4477 tenebantur
989 4414 1074 4477 annis
1098 4413 1227 4494 singuiis
1243 4414 1329 4478 exhi-

131 4522 217 4596 bere,
249 4524 330 4609 quod
353 4525 401 4589 ius
426 4528 594 4587 montanum
628 4524 664 4588 ab
689 4521 796 4586 eodem
824 4521 977 4586 [tietmaro
1002 4520 1183 4586 absolvimus
1207 4525 1325 4587 Domini

132 4633 264 4698 uiuus
277 4635 319 4698 de
330 4635 497 4719 Kulnperq
513 4636 543 4696 ot
557 4631 681 4697 aliorum
692 4631 856 4715 proborum
872 4630 1002 4696 uirorum
1020 4631 1146 4694 oonsilio
1164 4633 1326 4697 mediante.

134 4740 175 4806 lle
189 4744 281 4810 tersia
293 4741 401 4815 Vinea,
416 4759 475 4826 que
483 4741 621 4832 peyaobl
634 4741 800 4825 vulgariter
817 4740 939 4815 dieitur,
957 4739 996 4804 de
1013 4759 1071 4825 qua
1094 4740 1141 4804 ius
1158 4745 1326 4807 montanum
