3242 5350
285 491 365 563 356

284 663 441 747 Augustini
468 662 640 727 Petuarien.
669 662 800 746 Dyoces.
826 660 871 725 dd
898 661 1072 725 memoriam
1101 663 1278 743 futurorum.
1309 663 1418 733 Decet,
1446 663 1481 725 ut

283 774 369 856 cujus
389 773 420 836 in
440 791 517 856 pace
540 772 638 835 faetus
662 776 712 835 est
733 770 835 842 loeus,
863 769 930 834 eius
952 769 1050 834 cultus
1074 788 1142 834 cum
1159 769 1260 834 debita
1277 770 1480 834 veneracione

282 877 469 965 ampliandus
486 877 526 941 sit
541 885 573 941 et
589 876 759 959 augendus.
783 878 859 943 Dum
877 877 957 942 euim
973 877 1010 941 ad
1027 880 1235 943 reverenciam
1256 876 1352 962 ipsius
1371 879 1480 942 domus

281 988 431 1054 oracionis
447 986 497 1071 pie
514 987 715 1058 construitur,
731 986 822 1051 saluti
834 985 966 1050 bdelium
978 987 1124 1073 precipue
1141 986 1326 1062 consulitur,
1342 993 1373 1048 et
1389 984 1481 1049 beate

280 1097 437 1163 iruicionis
464 1094 542 1158 nisio
575 1094 754 1178 generosius
789 1096 975 1179 impetratur.
1013 1094 1076 1159 lloc
1102 1114 1176 1159 seue
1207 1095 1289 1159 ducti
1321 1093 1479 1177 proposito

281 1205 490 1291 solempnius
506 1202 646 1284 diligenti
661 1207 792 1266 tractatu
808 1202 971 1287 prehabito
988 1187 1169 1268 de'consilio
1185 1212 1218 1267 et
1232 1222 1359 1265 assensu
1373 1201 1477 1265 Vene-

278 1315 384 1380 rabilis
405 1313 436 1376 in
457 1310 580 1375 Christo
601 1309 700 1373 Patris
724 1316 756 1373 et
775 1310 894 1374 Domini
918 1310 1072 1394 Commii,
1096 1310 1299 1377 Putuuimuie
1320 1309 1480 1397 episcope·

282 1421 433 1489 dotacioni
456 1440 511 1485 seu
532 1417 705 1483 iuuducioni
729 1419 861 1504 Capelle
885 1419 921 1483 in
940 1420 1040 1484 Domo
1063 1427 1174 1486 nome
1200 1421 1297 1485 meta
1312 1419 1478 1485 Wiennum

280 1538 380 1597 estro
404 1549 511 1593 muros
538 1528 707 1592 constitute
731 1526 767 1591 ic
792 1526 913 1591 bonore
939 1527 1099 1594 beotonun
1125 1527 1283 1615 Pbylippi
1306 1536 1339 1593 et
1362 1528 1481 1593 Jueodi

279 1640 502 1726 Apostolorum
524 1642 718 1705 conensem,
742 1642 775 1699 et
796 1633 1001 1700 iamdudum
1021 1643 1206 1701 consecrate
1228 1641 1363 1700 nostrum
1387 1634 1479 1699 adbi-

279 1748 397 1811 buimus
414 1763 594 1810 consensum
610 1749 642 1806 et
658 1741 854 1826 presentibus
871 1742 1066 1817 adhibemus,
1084 1743 1262 1808 Statueotes
1279 1749 1310 1808 et
1327 1745 1475 1809 ordinau-

278 1861 340 1926 tes,
363 1862 401 1919 ut
422 1852 633 1938 Capelianus,
658 1851 842 1938 cuicumque
863 1851 904 1915 de
924 1852 1035 1917 eodem
1053 1852 1218 1942 procursu
1228 1854 1345 1937 suerit,
1369 1853 1476 1940 qucum

278 1970 392 2051 quater
411 1962 447 2027 in
473 1960 612 2047 quolibet
632 1959 823 2030 ebdomada.
851 1958 1000 2024 uidelicet
1013 1961 1150 2048 singulis
1167 1960 1278 2027 diebus
1292 1961 1472 2031 mnium,

276 2071 447 2142 Secundis,
471 2067 595 2156 quartis
610 2074 642 2131 et
656 2066 760 2132 acetis
771 2066 867 2150 serius
888 2088 957 2133 cnon
971 2068 1077 2133 musis
1097 2069 1266 2154 &officim
1288 2076 1346 2134 out
1364 2070 1475 2154 inoffi·

277 2180 363 2246 cebri
373 2183 537 2267 procuret.
563 2175 760 2240 Decemimus
776 2176 892 2246 eciam,
907 2183 943 2241 ot
957 2177 1215 2264 quandocumque
1229 2186 1285 2243 ara
1306 2177 1474 2266 prooem.

277 2309 409 2376 eumpse
418 2287 576 2354 Pronus.
593 2284 649 2371 qui
660 2304 723 2371 pro
739 2290 881 2371 ternpore
892 2285 1011 2368 suerit.
1027 2285 1063 2350 in
1077 2284 1164 2350 dieto
1178 2286 1270 2351 mmo
1284 2307 1345 2351 uua
1356 2285 1475 2370 fecerit

275 2397 486 2464 marcionem,
509 2393 597 2458 Idem
618 2392 828 2478 Capelianus,
853 2394 1003 2480 merrdie
1028 2392 1145 2458 ibidem
1169 2414 1291 2459 morum
1316 2394 1472 2467 έναωπίέ,

275 2506 386 2571 diebus
399 2502 535 2590 eupuli-e
556 2501 684 2565 musam
708 2501 862 2573 celebret,
886 2508 945 2567 out
956 2501 1128 2588 provideat
1144 2503 1309 2568 celebrari.
1335 2502 1393 2565 Pro
1411 2501 1472 2565 biis

275 2620 375 2679 autem
391 2608 575 2697 exequendis
591 2607 752 2680 donemus,
777 2609 971 2693 deputamus,
995 2616 1027 2673 et
1042 2608 1230 2693 assignamus
1248 2609 1330 2674 dicte
1346 2609 1472 2695 Capella

277 2723 392 2786 vineam
416 2723 551 2783 noemam
572 2737 631 2801 que
655 2716 767 2781 dicitur
782 2716 953 2790 Miucbun,
978 2718 1015 2782 ab
1032 2718 1112 2783 omni
1129 2737 1222 2783 censu
1239 2719 1381 2792 liberam,
1406 2725 1472 2783 eta

275 2830 432 2896 solucione
448 2826 567 2891 decime
588 2825 709 2910 penitus
730 2824 908 2889 absolutum.
931 2826 974 2888 lta
996 2826 1076 2910 quod
1093 2828 1272 2912 quicumque
1288 2826 1472 2912 Capelianus

273 2937 425 3002 antedicto
441 2933 565 3020 Capelle
580 2935 687 3007 fuerit,
711 2935 858 3017 prefatam
871 2934 985 2999 vineam
1001 2935 1169 3019 sumptibus
1185 2937 1317 3019 propriis
1339 2936 1470 3009 excolat,

273 3052 305 3110 et
319 3043 470 3129 percipiat
486 3044 552 3106 eius
563 3043 690 3107 tructus.
707 3040 781 3105 ltem
792 3043 946 3107 durumne
961 3043 1063 3108 eidem
1077 3045 1174 3109 taison
1189 3043 1343 3110 librarian
1357 3044 1470 3109 reddi·

272 3161 341 3230 uo,
364 3171 439 3237 quas
457 3152 592 3215 Prelatus
617 3155 723 3213 noster
742 3150 829 3212 suuis
852 3150 981 3232 singulis
1004 3158 1167 3215 memoratu
1185 3150 1347 3235 Capeliano
1370 3152 1472 3235 porri·

273 3279 348 3344 gere
365 3258 472 3332 debet,
497 3257 596 3323 donec
612 3256 737 3320 eosdem
753 3257 891 3322 redditus
915 3277 1007 3341 super
1031 3257 1117 3323 bonis
1133 3260 1205 3322 tutis
1221 3266 1253 3323 et
1269 3259 1363 3323 certis
1379 3263 1470 3342 pote·

274 3369 368 3433 umus
385 3386 573 3450 comparare.
598 3351 742 3430 Addimus
759 3366 854 3429 eciam
879 3364 917 3430 de
939 3365 1065 3450 speciali
1089 3368 1207 3447 grecis,
1232 3373 1264 3431 et
1285 3367 1471 3441 ordinamus,

272 3475 376 3557 Quod.
393 3474 511 3559 quando
534 3474 582 3537 rel
598 3474 742 3559 quociens
759 3474 915 3537 [lominum
932 3472 1120 3557 Prepesitum
1136 3481 1187 3538 aut
1202 3475 1359 3539 Dominum
1376 3474 1471 3540 Cele-

270 3587 382 3648 rarium
405 3584 437 3646 iu
459 3580 617 3665 sepedicta
639 3580 726 3646 domo
747 3584 850 3644 nostre
872 3581 952 3645 iuxta
969 3582 1129 3646 Wiennam
1152 3603 1272 3648 manere
1295 3585 1472 3664 contigerit,

268 3694 483 3758 Prereurrutue
493 3689 1471 3777 Capelianueeiboetpotu,meocmnodiusdioinisintendere
1498 3730 1502 3734 -

268 3803 392 3877 nouat,
415 3804 617 3866 muneror.
634 3798 665 3860 ln
683 3816 808 3880 quorum
825 3797 1028 3861 testimonium
1046 3799 1140 3863 nostri
1157 3800 1257 3881 sigilla
1269 3800 1468 3884 presentibus

267 3913 338 3972 sunt
353 3927 497 3993 appensa.
512 3908 630 3971 ‘Datum
648 3907 730 3969 duno
747 3904 868 3969 Domini
885 3904 1045 3970 blillesimo
1062 3908 1291 3981 Trecentesimo
1308 3907 1469 3993 Quinqua-

269 4016 386 4100 gesimo
403 4022 510 4102 quarto
523 4015 554 4079 iu
570 4015 649 4080 testo
664 4012 869 4078 Exultaeionis
884 4013 998 4079 Sancte
1013 4013 1130 4079 Crucis.

355 4194 415 4248 orig.
430 4196 492 4247 Pars.
509 4191 573 4247 (Πομ.
584 4194 629 4233 Vct.
640 4194 675 4234 llr.
688 4192 722 4233 ti.
733 4191 769 4232 tol.
783 4191 844 4245 18³.)
859 4191 898 4233 uie
908 4192 978 4245 siege}
988 4191 1075 4233 Ortnli's
1084 4193 1124 4232 eru
1134 4195 1171 4234 des
1181 4193 1273 4246 Capitels
1281 4196 1327 4236 eiad
1336 4195 1433 4238 bem-t.

357 4319 438 4373 Einer
450 4319 538 4373 dieser
551 4315 685 4388 Gaplaoe,
706 4316 751 4370 fur
771 4316 874 4370 welche
895 4317 954 4371 bier
969 4317 1068 4389 Propst
1085 4319 1175 4374 Ortoli
1190 4337 1220 4374 so
1234 4321 1367 4391 treigebig
1379 4325 1468 4390 sorgt,

266 4410 400 4466 erscbeiot
413 4412 452 4464 als
464 4409 630 4464 Wobltbtter
643 4409 677 4461 im
689 4407 884 4462 ‘l'odteubncbe
895 4409 944 4462 der
958 4409 1096 4464 liiuoritsu
1116 4411 1158 4465 bei
1171 4412 1222 4466 Pes
1235 4411 1284 4466 SS.
1298 4412 1353 4467 Ru.
1363 4411 1419 4466 Ab.
1429 4413 1464 4468 T.

264 4500 296 4554 ll.
309 4500 361 4554 eol.
373 4500 452 4554 492:
470 4498 565 4564 ,Nutu
578 4497 650 4568 quod
663 4499 761 4551 iratres
774 4499 899 4551 leuentur
912 4499 1049 4552 celebrare
1063 4500 1268 4555 anniversarium
1281 4499 1381 4556 Domini
1393 4502 1468 4557 Petri

265 4589 373 4651 Coloni,
392 4587 439 4659 qui
452 4590 495 4642 est
508 4586 666 4658 Capellauus
680 4584 794 4640 incuria
808 4586 937 4657 Neupurg
951 4589 1012 4641 anm
1025 4590 1130 4659 portum
1143 4589 1312 4644 Scotorum“.
1326 4590 1468 4647 Vielleiobt

265 4681 333 4735 euolr
343 4681 436 4749 jener,
448 4680 496 4733 der
515 4677 548 4731 im
561 4678 708 4733 stiitliebeu
721 4676 914 4731 Todteubucbe
926 4678 992 4733 vul.
1004 4678 1061 4733 llul.
1073 4679 1154 4734 Dee:
1175 4680 1272 4747 ,Daue
1285 4681 1467 4743 llberburdus,
