<?xml version="1.0" encoding="UTF-8"?>
<!DOCTYPE html PUBLIC "-//W3C//DTD XHTML 1.0 Transitional//EN"
    "http://www.w3.org/TR/xhtml1/DTD/xhtml1-transitional.dtd">
<html xmlns="http://www.w3.org/1999/xhtml" xml:lang="en" lang="en">
 <head>
  <title>
</title>
<meta http-equiv="Content-Type" content="text/html;charset=utf-8" />
  <meta name='ocr-system' content='tesseract 3.04.00' />
  <meta name='ocr-capabilities' content='ocr_page ocr_carea ocr_par ocr_line ocrx_word'/>
</head>
<body>
  <div class='ocr_page' id='page_1' title='image "./fontesrerumaust10unkngoog_0127.png"; bbox 0 0 3242 5350; ppageno 0'>
   <div class='ocr_carea' id='block_1_1' title="bbox 323 568 372 641">
    <p class='ocr_par' dir='ltr' id='par_1_1' title="bbox 323 568 372 641">
     <span class='ocr_line' id='line_1_1' title="bbox 323 568 372 641; baseline -0.02 0"><span class='ocrx_word' id='word_1_1' title='bbox 323 568 372 641; x_wconf 76' lang='lat'>50</span> 
     </span>
    </p>
   </div>
   <div class='ocr_carea' id='block_1_2' title="bbox 877 750 982 838">
    <p class='ocr_par' dir='ltr' id='par_1_2' title="bbox 877 750 982 838">
     <span class='ocr_line' id='line_1_2' title="bbox 877 750 982 838; baseline -0.01 -1"><span class='ocrx_word' id='word_1_2' title='bbox 877 768 942 838; x_wconf 84' lang='lat' dir='ltr'>nv.</span> <span class='ocrx_word' id='word_1_3' title='bbox 977 750 982 761; x_wconf 76' lang='lat'><strong><em>‘</em></strong></span> 
     </span>
    </p>
   </div>
   <div class='ocr_carea' id='block_1_3' title="bbox 314 893 1494 1068">
    <p class='ocr_par' dir='ltr' id='par_1_3' title="bbox 314 893 1494 1068">
     <span class='ocr_line' id='line_1_3' title="bbox 314 893 1494 976; baseline -0.002 -16"><span class='ocrx_word' id='word_1_4' title='bbox 314 906 403 976; x_wconf 75' lang='lat' dir='ltr'>Apnes</span> <span class='ocrx_word' id='word_1_5' title='bbox 420 905 481 960; x_wconf 84' lang='lat' dir='ltr'>und</span> <span class='ocrx_word' id='word_1_6' title='bbox 498 906 545 961; x_wconf 74' lang='lat' dir='ltr'>rar</span> <span class='ocrx_word' id='word_1_7' title='bbox 562 904 641 960; x_wconf 72' lang='lat' dir='ltr'>Solon</span> <span class='ocrx_word' id='word_1_8' title='bbox 671 903 769 959; x_wconf 75' lang='lat' dir='ltr'>Uiriei</span> <span class='ocrx_word' id='word_1_9' title='bbox 792 904 966 968; x_wconf 76' lang='lat' dir='ltr'>Feurltsner,</span> <span class='ocrx_word' id='word_1_10' title='bbox 986 903 1110 974; x_wconf 77' lang='lat' dir='ltr'>roillipen</span> <span class='ocrx_word' id='word_1_11' title='bbox 1133 904 1164 959; x_wconf 83' lang='lat' dir='ltr'>in</span> <span class='ocrx_word' id='word_1_12' title='bbox 1189 903 1233 960; x_wconf 85' lang='lat' dir='ltr'>die</span> <span class='ocrx_word' id='word_1_13' title='bbox 1260 893 1399 975; x_wconf 64' lang='lat' dir='ltr'>diepam</span> <span class='ocrx_word' id='word_1_14' title='bbox 1423 903 1494 959; x_wconf 81' lang='lat' dir='ltr'>eines</span> 
     </span>
     <span class='ocr_line' id='line_1_4' title="bbox 612 993 1200 1068; baseline 0 -18"><span class='ocrx_word' id='word_1_15' title='bbox 612 993 698 1066; x_wconf 61' lang='grc' dir='ltr'>Ποία</span> <span class='ocrx_word' id='word_1_16' title='bbox 715 1011 754 1047; x_wconf 74' lang='lat' dir='ltr'>nu</span> <span class='ocrx_word' id='word_1_17' title='bbox 773 994 907 1049; x_wconf 77' lang='lat' dir='ltr'>Solieinz</span> <span class='ocrx_word' id='word_1_18' title='bbox 925 1012 963 1048; x_wconf 86' lang='lat' dir='ltr'>on</span> <span class='ocrx_word' id='word_1_19' title='bbox 985 994 1036 1050; x_wconf 85' lang='lat' dir='ltr'>dus</span> <span class='ocrx_word' id='word_1_20' title='bbox 1054 995 1130 1068; x_wconf 72' lang='lat' dir='ltr'>stip</span> <span class='ocrx_word' id='word_1_21' title='bbox 1147 995 1200 1050; x_wconf 75' lang='lat' dir='ltr'>eim</span> 
     </span>
    </p>
   </div>
   <div class='ocr_carea' id='block_1_4' title="bbox 709 1122 1104 1177">
    <p class='ocr_par' dir='ltr' id='par_1_4' title="bbox 709 1122 1104 1177">
     <span class='ocr_line' id='line_1_5' title="bbox 709 1122 1104 1177; baseline -0.005 0"><span class='ocrx_word' id='word_1_22' title='bbox 709 1123 768 1177; x_wconf 88' lang='lat' dir='ltr'>Dat.</span> <span class='ocrx_word' id='word_1_23' title='bbox 787 1141 808 1176; x_wconf 88' lang='lat' dir='ltr'>s.</span> <span class='ocrx_word' id='word_1_24' title='bbox 828 1124 846 1175; x_wconf 89' lang='lat' dir='ltr'>l.</span> <span class='ocrx_word' id='word_1_25' title='bbox 865 1125 909 1177; x_wconf 81' lang='lat'>23.</span> <span class='ocrx_word' id='word_1_26' title='bbox 929 1123 1006 1176; x_wconf 82' lang='lat' dir='ltr'>Febr.</span> <span class='ocrx_word' id='word_1_27' title='bbox 1025 1122 1104 1177; x_wconf 73' lang='lat'><strong>1294.</strong></span> 
     </span>
    </p>
   </div>
   <div class='ocr_carea' id='block_1_5' title="bbox 311 1252 1498 1776">
    <p class='ocr_par' dir='ltr' id='par_1_5' title="bbox 311 1252 1498 1776">
     <span class='ocr_line' id='line_1_6' title="bbox 405 1252 1493 1341; baseline 0 -25"><span class='ocrx_word' id='word_1_28' title='bbox 405 1253 468 1335; x_wconf 82' lang='lat' dir='ltr'>Ego</span> <span class='ocrx_word' id='word_1_29' title='bbox 483 1255 587 1341; x_wconf 79' lang='lat' dir='ltr'>Apnes</span> <span class='ocrx_word' id='word_1_30' title='bbox 603 1261 704 1318; x_wconf 86' lang='lat' dir='ltr'>mater</span> <span class='ocrx_word' id='word_1_31' title='bbox 727 1253 828 1317; x_wconf 83' lang='lat' dir='ltr'>Uirioi</span> <span class='ocrx_word' id='word_1_32' title='bbox 842 1252 921 1317; x_wconf 88' lang='lat' dir='ltr'>dieti</span> <span class='ocrx_word' id='word_1_33' title='bbox 934 1253 1116 1317; x_wconf 78' lang='lat' dir='ltr'>Feuolsaner</span> <span class='ocrx_word' id='word_1_34' title='bbox 1137 1274 1202 1317; x_wconf 81' lang='lat' dir='ltr'>unu</span> <span class='ocrx_word' id='word_1_35' title='bbox 1217 1274 1286 1319; x_wconf 76' lang='lat' dir='ltr'>erun</span> <span class='ocrx_word' id='word_1_36' title='bbox 1301 1253 1408 1317; x_wconf 82' lang='lat' dir='ltr'>eodem</span> <span class='ocrx_word' id='word_1_37' title='bbox 1430 1274 1493 1317; x_wconf 88' lang='lat' dir='ltr'>meo</span> 
     </span>
     <span class='ocr_line' id='line_1_7' title="bbox 311 1360 1495 1447; baseline -0.002 -21"><span class='ocrx_word' id='word_1_38' title='bbox 311 1363 377 1447; x_wconf 78' lang='lat' dir='ltr'>filio</span> <span class='ocrx_word' id='word_1_39' title='bbox 393 1362 568 1446; x_wconf 86' lang='lat' dir='ltr'>profitemur</span> <span class='ocrx_word' id='word_1_40' title='bbox 584 1364 648 1445; x_wconf 88' lang='lat' dir='ltr'>pari</span> <span class='ocrx_word' id='word_1_41' title='bbox 665 1381 830 1433; x_wconf 79' lang='lat' dir='ltr'>consensu,</span> <span class='ocrx_word' id='word_1_42' title='bbox 856 1360 934 1446; x_wconf 90' lang='lat' dir='ltr'>quod</span> <span class='ocrx_word' id='word_1_43' title='bbox 951 1382 1016 1425; x_wconf 89' lang='lat' dir='ltr'>eum</span> <span class='ocrx_word' id='word_1_44' title='bbox 1033 1361 1181 1425; x_wconf 82' lang='lat' dir='ltr'>discretus</span> <span class='ocrx_word' id='word_1_45' title='bbox 1205 1362 1251 1424; x_wconf 85' lang='lat' dir='ltr'>rir</span> <span class='ocrx_word' id='word_1_46' title='bbox 1265 1361 1435 1426; x_wconf 83' lang='lat' dir='ltr'>Heinrieus</span> <span class='ocrx_word' id='word_1_47' title='bbox 1457 1361 1495 1424; x_wconf 86' lang='lat' dir='ltr'>de</span> 
     </span>
     <span class='ocr_line' id='line_1_8' title="bbox 314 1468 1496 1558; baseline -0.003 -24"><span class='ocrx_word' id='word_1_48' title='bbox 314 1470 447 1537; x_wconf 73' lang='lat' dir='ltr'>Steunene</span> <span class='ocrx_word' id='word_1_49' title='bbox 463 1471 584 1536; x_wconf 81' lang='lat' dir='ltr'>ruriam</span> <span class='ocrx_word' id='word_1_50' title='bbox 599 1470 765 1558; x_wconf 82' lang='lat' dir='ltr'>quomdam</span> <span class='ocrx_word' id='word_1_51' title='bbox 780 1470 874 1534; x_wconf 86' lang='lat' dir='ltr'>eitum</span> <span class='ocrx_word' id='word_1_52' title='bbox 890 1470 924 1533; x_wconf 89' lang='lat' dir='ltr'>in</span> <span class='ocrx_word' id='word_1_53' title='bbox 936 1469 1068 1534; x_wconf 75' lang='lat' dir='ltr'>Sleunez</span> <span class='ocrx_word' id='word_1_54' title='bbox 1085 1469 1199 1533; x_wconf 81' lang='lat' dir='ltr'>anobis</span> <span class='ocrx_word' id='word_1_55' title='bbox 1211 1471 1240 1532; x_wconf 89' lang='lat' dir='ltr'>in</span> <span class='ocrx_word' id='word_1_56' title='bbox 1254 1468 1343 1533; x_wconf 83' lang='lat' dir='ltr'>feodo</span> <span class='ocrx_word' id='word_1_57' title='bbox 1359 1469 1496 1533; x_wconf 87' lang='lat' dir='ltr'>hahuerit</span> 
     </span>
     <span class='ocr_line' id='line_1_9' title="bbox 315 1577 1494 1664; baseline -0.003 -21"><span class='ocrx_word' id='word_1_58' title='bbox 315 1581 361 1643; x_wconf 91' lang='lat' dir='ltr'>ius</span> <span class='ocrx_word' id='word_1_59' title='bbox 384 1581 577 1664; x_wconf 78' lang='lat' dir='ltr'>proprietatis</span> <span class='ocrx_word' id='word_1_60' title='bbox 593 1581 623 1642; x_wconf 91' lang='lat' dir='ltr'>iu</span> <span class='ocrx_word' id='word_1_61' title='bbox 639 1580 743 1643; x_wconf 86' lang='lat' dir='ltr'>eadem</span> <span class='ocrx_word' id='word_1_62' title='bbox 760 1580 841 1643; x_wconf 88' lang='lat' dir='ltr'>ouria</span> <span class='ocrx_word' id='word_1_63' title='bbox 852 1598 906 1664; x_wconf 90' lang='lat' dir='ltr'>pro</span> <span class='ocrx_word' id='word_1_64' title='bbox 928 1586 1044 1664; x_wconf 78' lang='lat' dir='ltr'><strong>septem</strong></span> <span class='ocrx_word' id='word_1_65' title='bbox 1060 1577 1143 1643; x_wconf 90' lang='lat' dir='ltr'>libris</span> <span class='ocrx_word' id='word_1_66' title='bbox 1160 1579 1308 1643; x_wconf 88' lang='lat' dir='ltr'>denarior.</span> <span class='ocrx_word' id='word_1_67' title='bbox 1332 1580 1494 1643; x_wconf 83' lang='lat' dir='ltr'>wiennens.</span> 
     </span>
     <span class='ocr_line' id='line_1_10' title="bbox 316 1687 1498 1776; baseline 0.002 -27"><span class='ocrx_word' id='word_1_68' title='bbox 316 1695 436 1754; x_wconf 89' lang='lat' dir='ltr'>monete</span> <span class='ocrx_word' id='word_1_69' title='bbox 459 1689 586 1753; x_wconf 80' lang='lat' dir='ltr'>redemit</span> <span class='ocrx_word' id='word_1_70' title='bbox 609 1695 639 1752; x_wconf 88' lang='lat' dir='ltr'>et</span> <span class='ocrx_word' id='word_1_71' title='bbox 660 1687 700 1751; x_wconf 86' lang='lat' dir='ltr'>de</span> <span class='ocrx_word' id='word_1_72' title='bbox 716 1694 818 1751; x_wconf 91' lang='lat' dir='ltr'>nostro</span> <span class='ocrx_word' id='word_1_73' title='bbox 836 1708 983 1751; x_wconf 86' lang='lat' dir='ltr'>consensu</span> <span class='ocrx_word' id='word_1_74' title='bbox 996 1689 1227 1776; x_wconf 80' lang='lat' dir='ltr'>proprietatem</span> <span class='ocrx_word' id='word_1_75' title='bbox 1251 1689 1387 1753; x_wconf 84' lang='lat' dir='ltr'>eiusdem</span> <span class='ocrx_word' id='word_1_76' title='bbox 1413 1690 1498 1753; x_wconf 82' lang='lat' dir='ltr'>enrie</span> 
     </span>
    </p>
   </div>
   <div class='ocr_carea' id='block_1_6' title="bbox 309 1799 1503 3281">
    <p class='ocr_par' dir='ltr' id='par_1_6' title="bbox 309 1799 1503 3281">
     <span class='ocr_line' id='line_1_11' title="bbox 315 1799 1496 1885; baseline -0.003 -20"><span class='ocrx_word' id='word_1_77' title='bbox 315 1800 404 1865; x_wconf 81' lang='lat' dir='ltr'>dedit</span> <span class='ocrx_word' id='word_1_78' title='bbox 428 1801 526 1865; x_wconf 81' lang='lat' dir='ltr'>libere</span> <span class='ocrx_word' id='word_1_79' title='bbox 555 1800 686 1864; x_wconf 65' lang='lat' dir='ltr'>eoeksie</span> <span class='ocrx_word' id='word_1_80' title='bbox 708 1799 956 1885; x_wconf 76' lang='lat' dir='ltr'>Newadurpensi</span> <span class='ocrx_word' id='word_1_81' title='bbox 977 1805 1008 1862; x_wconf 83' lang='lat' dir='ltr'>et</span> <span class='ocrx_word' id='word_1_82' title='bbox 1030 1800 1160 1864; x_wconf 74' lang='lat' dir='ltr'>eandm</span> <span class='ocrx_word' id='word_1_83' title='bbox 1182 1800 1302 1864; x_wconf 79' lang='lat' dir='ltr'>coriam</span> <span class='ocrx_word' id='word_1_84' title='bbox 1325 1801 1364 1864; x_wconf 82' lang='lat' dir='ltr'>ab</span> <span class='ocrx_word' id='word_1_85' title='bbox 1388 1800 1496 1862; x_wconf 85' lang='lat' dir='ltr'>eodem</span> 
     </span>
     <span class='ocr_line' id='line_1_12' title="bbox 315 1906 1495 1996; baseline -0.004 -24"><span class='ocrx_word' id='word_1_86' title='bbox 315 1910 449 1974; x_wconf 82' lang='lat' dir='ltr'>eeclesia</span> <span class='ocrx_word' id='word_1_87' title='bbox 463 1908 602 1996; x_wconf 65' lang='lat' dir='ltr'>sucepit</span> <span class='ocrx_word' id='word_1_88' title='bbox 613 1909 682 1972; x_wconf 86' lang='lat' dir='ltr'>iure</span> <span class='ocrx_word' id='word_1_89' title='bbox 699 1908 801 1981; x_wconf 80' lang='lat' dir='ltr'>civili,</span> <span class='ocrx_word' id='word_1_90' title='bbox 819 1907 1105 1994; x_wconf 79' lang='lat' dir='ltr'>pnodpurolrreedt</span> <span class='ocrx_word' id='word_1_91' title='bbox 1120 1909 1293 1996; x_wconf 78' lang='lat' dir='ltr'>vulpariter</span> <span class='ocrx_word' id='word_1_92' title='bbox 1308 1908 1428 1973; x_wconf 75' lang='lat' dir='ltr'>dieitin</span> <span class='ocrx_word' id='word_1_93' title='bbox 1443 1906 1495 1969; x_wconf 89' lang='lat' dir='ltr'>sub</span> 
     </span>
     <span class='ocr_line' id='line_1_13' title="bbox 314 2015 1492 2100; baseline -0.005 -19"><span class='ocrx_word' id='word_1_94' title='bbox 314 2017 488 2081; x_wconf 88' lang='lat' dir='ltr'>eondieione</span> <span class='ocrx_word' id='word_1_95' title='bbox 511 2017 579 2089; x_wconf 87' lang='lat' dir='ltr'>tali,</span> <span class='ocrx_word' id='word_1_96' title='bbox 609 2016 685 2100; x_wconf 90' lang='lat' dir='ltr'>quod</span> <span class='ocrx_word' id='word_1_97' title='bbox 708 2015 788 2079; x_wconf 85' lang='lat' dir='ltr'>idem</span> <span class='ocrx_word' id='word_1_98' title='bbox 806 2016 962 2079; x_wconf 87' lang='lat' dir='ltr'>llainrieus</span> <span class='ocrx_word' id='word_1_99' title='bbox 988 2015 1034 2079; x_wconf 86' lang='lat' dir='ltr'>rel</span> <span class='ocrx_word' id='word_1_100' title='bbox 1050 2016 1219 2100; x_wconf 81' lang='lat' dir='ltr'>quicunque</span> <span class='ocrx_word' id='word_1_101' title='bbox 1247 2017 1337 2079; x_wconf 85' lang='lat' dir='ltr'>luerit</span> <span class='ocrx_word' id='word_1_102' title='bbox 1358 2016 1492 2079; x_wconf 87' lang='lat' dir='ltr'>eiusdem</span> 
     </span>
     <span class='ocr_line' id='line_1_14' title="bbox 314 2123 1495 2209; baseline -0.003 -21"><span class='ocrx_word' id='word_1_103' title='bbox 314 2126 397 2191; x_wconf 85' lang='lat' dir='ltr'>eurio</span> <span class='ocrx_word' id='word_1_104' title='bbox 414 2145 574 2209; x_wconf 79' lang='lat' dir='ltr'>possessor</span> <span class='ocrx_word' id='word_1_105' title='bbox 589 2127 618 2188; x_wconf 92' lang='lat' dir='ltr'>in</span> <span class='ocrx_word' id='word_1_106' title='bbox 633 2130 785 2209; x_wconf 89' lang='lat' dir='ltr'>posterum</span> <span class='ocrx_word' id='word_1_107' title='bbox 802 2125 912 2188; x_wconf 85' lang='lat' dir='ltr'>debeat</span> <span class='ocrx_word' id='word_1_108' title='bbox 929 2125 957 2187; x_wconf 89' lang='lat' dir='ltr'>in</span> <span class='ocrx_word' id='word_1_109' title='bbox 981 2125 1059 2190; x_wconf 85' lang='lat' dir='ltr'>sesto</span> <span class='ocrx_word' id='word_1_110' title='bbox 1077 2123 1157 2188; x_wconf 87' lang='lat' dir='ltr'>beati</span> <span class='ocrx_word' id='word_1_111' title='bbox 1173 2124 1348 2189; x_wconf 87' lang='lat' dir='ltr'>ltliehalrelis</span> <span class='ocrx_word' id='word_1_112' title='bbox 1372 2124 1495 2206; x_wconf 80' lang='lat' dir='ltr'>triginta</span> 
     </span>
     <span class='ocr_line' id='line_1_15' title="bbox 313 2233 1495 2323; baseline -0.001 -26"><span class='ocrx_word' id='word_1_113' title='bbox 313 2234 451 2298; x_wconf 86' lang='lat' dir='ltr'>denarios</span> <span class='ocrx_word' id='word_1_114' title='bbox 473 2236 557 2297; x_wconf 89' lang='lat' dir='ltr'>annis</span> <span class='ocrx_word' id='word_1_115' title='bbox 579 2233 705 2315; x_wconf 84' lang='lat' dir='ltr'>singulis</span> <span class='ocrx_word' id='word_1_116' title='bbox 728 2234 893 2297; x_wconf 82' lang='lat' dir='ltr'>deservire.</span> <span class='ocrx_word' id='word_1_117' title='bbox 915 2235 1040 2318; x_wconf 85' lang='lat' dir='ltr'>Insuper</span> <span class='ocrx_word' id='word_1_118' title='bbox 1061 2254 1119 2316; x_wconf 79' lang='lat' dir='ltr'>ego</span> <span class='ocrx_word' id='word_1_119' title='bbox 1141 2234 1247 2323; x_wconf 76' lang='lat' dir='ltr'>Apnes</span> <span class='ocrx_word' id='word_1_120' title='bbox 1261 2241 1292 2298; x_wconf 88' lang='lat' dir='ltr'>et</span> <span class='ocrx_word' id='word_1_121' title='bbox 1307 2234 1395 2319; x_wconf 78' lang='lat' dir='ltr'>filius</span> <span class='ocrx_word' id='word_1_122' title='bbox 1411 2254 1495 2296; x_wconf 84' lang='lat' dir='ltr'>meus</span> 
     </span>
     <span class='ocr_line' id='line_1_16' title="bbox 309 2339 1494 2431; baseline -0.003 -24"><span class='ocrx_word' id='word_1_123' title='bbox 309 2344 549 2431; x_wconf 82' lang='lat' dir='ltr'>prenominatus</span> <span class='ocrx_word' id='word_1_124' title='bbox 580 2342 696 2407; x_wconf 78' lang='lat' dir='ltr'>lirieue</span> <span class='ocrx_word' id='word_1_125' title='bbox 722 2342 929 2407; x_wconf 80' lang='lat' dir='ltr'>constituimus</span> <span class='ocrx_word' id='word_1_126' title='bbox 956 2363 1009 2404; x_wconf 93' lang='lat' dir='ltr'>nos</span> <span class='ocrx_word' id='word_1_127' title='bbox 1037 2350 1068 2405; x_wconf 88' lang='lat' dir='ltr'>et</span> <span class='ocrx_word' id='word_1_128' title='bbox 1102 2344 1301 2426; x_wconf 84' lang='lat' dir='ltr'>promittimus</span> <span class='ocrx_word' id='word_1_129' title='bbox 1329 2339 1494 2405; x_wconf 88' lang='lat' dir='ltr'>seeundum</span> 
     </span>
     <span class='ocr_line' id='line_1_17' title="bbox 314 2448 1495 2532; baseline -0.005 -17"><span class='ocrx_word' id='word_1_130' title='bbox 314 2471 438 2515; x_wconf 87' lang='lat' dir='ltr'>eomuue</span> <span class='ocrx_word' id='word_1_131' title='bbox 455 2453 500 2515; x_wconf 89' lang='lat' dir='ltr'>ius</span> <span class='ocrx_word' id='word_1_132' title='bbox 517 2458 597 2515; x_wconf 89' lang='lat' dir='ltr'>terre</span> <span class='ocrx_word' id='word_1_133' title='bbox 615 2450 748 2514; x_wconf 88' lang='lat' dir='ltr'>eiusdem</span> <span class='ocrx_word' id='word_1_134' title='bbox 776 2452 860 2515; x_wconf 85' lang='lat' dir='ltr'>eurie</span> <span class='ocrx_word' id='word_1_135' title='bbox 884 2451 1045 2532; x_wconf 82' lang='lat' dir='ltr'>legittimos</span> <span class='ocrx_word' id='word_1_136' title='bbox 1073 2452 1259 2515; x_wconf 84' lang='lat' dir='ltr'>defensores.</span> <span class='ocrx_word' id='word_1_137' title='bbox 1288 2451 1320 2514; x_wconf 93' lang='lat' dir='ltr'>ln</span> <span class='ocrx_word' id='word_1_138' title='bbox 1342 2452 1427 2514; x_wconf 90' lang='lat' dir='ltr'>euius</span> <span class='ocrx_word' id='word_1_139' title='bbox 1455 2448 1495 2511; x_wconf 87' lang='lat' dir='ltr'>rei</span> 
     </span>
     <span class='ocr_line' id='line_1_18' title="bbox 314 2558 1495 2644; baseline -0.004 -20"><span class='ocrx_word' id='word_1_140' title='bbox 314 2564 482 2625; x_wconf 80' lang='lat' dir='ltr'>memoriam</span> <span class='ocrx_word' id='word_1_141' title='bbox 494 2561 591 2625; x_wconf 88' lang='lat' dir='ltr'>eidem</span> <span class='ocrx_word' id='word_1_142' title='bbox 600 2559 730 2625; x_wconf 82' lang='lat' dir='ltr'>eeclesia</span> <span class='ocrx_word' id='word_1_143' title='bbox 742 2566 774 2625; x_wconf 91' lang='lat' dir='ltr'>et</span> <span class='ocrx_word' id='word_1_144' title='bbox 786 2560 931 2624; x_wconf 81' lang='lat' dir='ltr'>cautelam</span> <span class='ocrx_word' id='word_1_145' title='bbox 943 2569 1114 2644; x_wconf 84' lang='lat' dir='ltr'>presentem</span> <span class='ocrx_word' id='word_1_146' title='bbox 1128 2560 1242 2624; x_wconf 85' lang='lat' dir='ltr'>literam</span> <span class='ocrx_word' id='word_1_147' title='bbox 1251 2562 1386 2625; x_wconf 90' lang='lat' dir='ltr'>dedimus</span> <span class='ocrx_word' id='word_1_148' title='bbox 1396 2558 1495 2640; x_wconf 85' lang='lat' dir='ltr'>sigillo</span> 
     </span>
     <span class='ocr_line' id='line_1_19' title="bbox 315 2669 1496 2755; baseline -0.003 -20"><span class='ocrx_word' id='word_1_149' title='bbox 315 2670 387 2737; x_wconf 90' lang='lat' dir='ltr'>dieti</span> <span class='ocrx_word' id='word_1_150' title='bbox 401 2670 454 2736; x_wconf 87' lang='lat' dir='ltr'>lilii</span> <span class='ocrx_word' id='word_1_151' title='bbox 471 2673 525 2734; x_wconf 89' lang='lat' dir='ltr'>mei</span> <span class='ocrx_word' id='word_1_152' title='bbox 539 2670 655 2743; x_wconf 89' lang='lat' dir='ltr'>Ulrieii‚</span> <span class='ocrx_word' id='word_1_153' title='bbox 674 2692 740 2735; x_wconf 90' lang='lat' dir='ltr'>eum</span> <span class='ocrx_word' id='word_1_154' title='bbox 756 2672 878 2755; x_wconf 89' lang='lat' dir='ltr'>proprio</span> <span class='ocrx_word' id='word_1_155' title='bbox 891 2669 991 2754; x_wconf 81' lang='lat' dir='ltr'>sigillo</span> <span class='ocrx_word' id='word_1_156' title='bbox 1007 2692 1134 2741; x_wconf 87' lang='lat' dir='ltr'>eaream,</span> <span class='ocrx_word' id='word_1_157' title='bbox 1152 2672 1366 2736; x_wconf 85' lang='lat' dir='ltr'>communitam.</span> <span class='ocrx_word' id='word_1_158' title='bbox 1385 2670 1496 2734; x_wconf 85' lang='lat' dir='ltr'>Testes</span> 
     </span>
     <span class='ocr_line' id='line_1_20' title="bbox 314 2780 1498 2868; baseline -0.001 -24"><span class='ocrx_word' id='word_1_159' title='bbox 314 2786 382 2844; x_wconf 92' lang='lat' dir='ltr'>sunt</span> <span class='ocrx_word' id='word_1_160' title='bbox 402 2781 522 2845; x_wconf 84' lang='lat' dir='ltr'>domini</span> <span class='ocrx_word' id='word_1_161' title='bbox 544 2781 639 2845; x_wconf 83' lang='lat' dir='ltr'>Cltolo</span> <span class='ocrx_word' id='word_1_162' title='bbox 661 2781 825 2868; x_wconf 73' lang='lat' dir='ltr'>officialis,</span> <span class='ocrx_word' id='word_1_163' title='bbox 845 2781 1018 2865; x_wconf 67' lang='lat' dir='ltr'>fridericum</span> <span class='ocrx_word' id='word_1_164' title='bbox 1042 2780 1205 2857; x_wconf 66' lang='lat' dir='ltr'>imorem,</span> <span class='ocrx_word' id='word_1_165' title='bbox 1225 2782 1400 2865; x_wconf 72' lang='lat' dir='ltr'>fridericus</span> <span class='ocrx_word' id='word_1_166' title='bbox 1424 2789 1498 2844; x_wconf 84' lang='lat' dir='ltr'>ante</span> 
     </span>
     <span class='ocr_line' id='line_1_21' title="bbox 316 2888 1503 2977; baseline -0.001 -23"><span class='ocrx_word' id='word_1_167' title='bbox 316 2890 495 2961; x_wconf 80' lang='lat' dir='ltr'>eeclesiam,</span> <span class='ocrx_word' id='word_1_168' title='bbox 519 2889 703 2955; x_wconf 82' lang='lat' dir='ltr'>Geblrurdus</span> <span class='ocrx_word' id='word_1_169' title='bbox 726 2890 766 2953; x_wconf 87' lang='lat' dir='ltr'>de</span> <span class='ocrx_word' id='word_1_170' title='bbox 782 2909 1046 2975; x_wconf 83' lang='lat' dir='ltr'>parsenprunne,</span> <span class='ocrx_word' id='word_1_171' title='bbox 1068 2888 1245 2977; x_wconf 77' lang='lat' dir='ltr'>Siplrordus</span> <span class='ocrx_word' id='word_1_172' title='bbox 1266 2890 1306 2954; x_wconf 87' lang='lat' dir='ltr'>de</span> <span class='ocrx_word' id='word_1_173' title='bbox 1327 2890 1503 2976; x_wconf 73' lang='lat' dir='ltr'>peterrdors</span> 
     </span>
     <span class='ocr_line' id='line_1_22' title="bbox 314 2998 1498 3085; baseline 0.001 -23"><span class='ocrx_word' id='word_1_174' title='bbox 314 2999 440 3063; x_wconf 86' lang='lat' dir='ltr'>milites.</span> <span class='ocrx_word' id='word_1_175' title='bbox 457 2998 640 3075; x_wconf 80' lang='lat' dir='ltr'>Haimieus,</span> <span class='ocrx_word' id='word_1_176' title='bbox 656 2999 796 3069; x_wconf 76' lang='lat' dir='ltr'>Aloidas,</span> <span class='ocrx_word' id='word_1_177' title='bbox 810 2998 992 3083; x_wconf 65' lang='lat' dir='ltr'>fridericis.</span> <span class='ocrx_word' id='word_1_178' title='bbox 1010 3001 1132 3083; x_wconf 79' lang='lat' dir='ltr'>fratres</span> <span class='ocrx_word' id='word_1_179' title='bbox 1147 2999 1188 3063; x_wconf 87' lang='lat' dir='ltr'>de</span> <span class='ocrx_word' id='word_1_180' title='bbox 1202 3020 1447 3085; x_wconf 84' lang='lat' dir='ltr'>parsenprunne</span> <span class='ocrx_word' id='word_1_181' title='bbox 1468 3007 1498 3063; x_wconf 87' lang='lat' dir='ltr'>et</span> 
     </span>
     <span class='ocr_line' id='line_1_23' title="bbox 315 3105 1495 3192; baseline 0 -22"><span class='ocrx_word' id='word_1_182' title='bbox 315 3127 401 3192; x_wconf 85' lang='lat' dir='ltr'>quam</span> <span class='ocrx_word' id='word_1_183' title='bbox 424 3107 542 3191; x_wconf 88' lang='lat' dir='ltr'>plurimi</span> <span class='ocrx_word' id='word_1_184' title='bbox 565 3105 624 3171; x_wconf 90' lang='lat' dir='ltr'>fide</span> <span class='ocrx_word' id='word_1_185' title='bbox 644 3107 736 3190; x_wconf 82' lang='lat' dir='ltr'>digni.</span> <span class='ocrx_word' id='word_1_186' title='bbox 764 3107 868 3169; x_wconf 83' lang='lat' dir='ltr'>[latum</span> <span class='ocrx_word' id='word_1_187' title='bbox 885 3127 961 3170; x_wconf 90' lang='lat' dir='ltr'>anno</span> <span class='ocrx_word' id='word_1_188' title='bbox 983 3107 1100 3170; x_wconf 81' lang='lat' dir='ltr'>Domini</span> <span class='ocrx_word' id='word_1_189' title='bbox 1117 3106 1361 3171; x_wconf 80' lang='lat' dir='ltr'>M⁰CC⁰LXXXX</span> <span class='ocrx_word' id='word_1_190' title='bbox 1381 3114 1495 3192; x_wconf 87' lang='lat' dir='ltr'>quarto.</span> 
     </span>
     <span class='ocr_line' id='line_1_24' title="bbox 315 3215 577 3281; baseline 0.004 -1"><span class='ocrx_word' id='word_1_191' title='bbox 315 3216 365 3280; x_wconf 86' lang='lat' dir='ltr'>Vll</span> <span class='ocrx_word' id='word_1_192' title='bbox 380 3215 445 3279; x_wconf 79' lang='lat' dir='ltr'>llal.</span> <span class='ocrx_word' id='word_1_193' title='bbox 463 3215 577 3281; x_wconf 88' lang='lat' dir='ltr'>ldaroii.</span> 
     </span>
    </p>
   </div>
   <div class='ocr_carea' id='block_1_7' title="bbox 317 3340 1495 3465">
    <p class='ocr_par' dir='ltr' id='par_1_7' title="bbox 317 3340 1495 3465">
     <span class='ocr_line' id='line_1_25' title="bbox 367 3340 1495 3397; baseline -0.001 -15"><span class='ocrx_word' id='word_1_194' title='bbox 367 3343 427 3395; x_wconf 71' lang='lat' dir='ltr'>orig.</span> <span class='ocrx_word' id='word_1_195' title='bbox 441 3343 502 3394; x_wconf 69' lang='lat' dir='ltr'>Perg.</span> <span class='ocrx_word' id='word_1_196' title='bbox 517 3341 579 3397; x_wconf 72' lang='lat' dir='ltr'>(nep.</span> <span class='ocrx_word' id='word_1_197' title='bbox 594 3342 639 3385; x_wconf 80' lang='lat' dir='ltr'>Vel.</span> <span class='ocrx_word' id='word_1_198' title='bbox 654 3343 689 3383; x_wconf 69' lang='grc' dir='ltr'>Νι.</span> <span class='ocrx_word' id='word_1_199' title='bbox 701 3342 719 3382; x_wconf 88' lang='lat' dir='ltr'>l.</span> <span class='ocrx_word' id='word_1_200' title='bbox 728 3342 820 3381; x_wconf 77' lang='lat' dir='ltr'>rmsro.</span> <span class='ocrx_word' id='word_1_201' title='bbox 835 3353 855 3380; x_wconf 84' lang='grc' dir='ltr'>ι.</span> <span class='ocrx_word' id='word_1_202' title='bbox 866 3340 936 3381; x_wconf 76' lang='lat' dir='ltr'>chart.</span> <span class='ocrx_word' id='word_1_203' title='bbox 947 3341 1029 3380; x_wconf 74' lang='lat' dir='ltr'>trebiri</span> <span class='ocrx_word' id='word_1_204' title='bbox 1045 3341 1079 3384; x_wconf 89' lang='grc' dir='ltr'>ΙΙΙ.</span> <span class='ocrx_word' id='word_1_205' title='bbox 1096 3342 1133 3381; x_wconf 77' lang='lat' dir='ltr'>tol.</span> <span class='ocrx_word' id='word_1_206' title='bbox 1149 3340 1183 3382; x_wconf 76' lang='lat' dir='ltr'>ti.</span> <span class='ocrx_word' id='word_1_207' title='bbox 1194 3341 1229 3394; x_wconf 75' lang='lat' dir='ltr'>b.)</span> <span class='ocrx_word' id='word_1_208' title='bbox 1245 3343 1285 3382; x_wconf 79' lang='lat' dir='ltr'>Dm</span> <span class='ocrx_word' id='word_1_209' title='bbox 1295 3341 1365 3393; x_wconf 71' lang='lat' dir='ltr'>tiisgsl</span> <span class='ocrx_word' id='word_1_210' title='bbox 1381 3342 1401 3380; x_wconf 79' lang='lat' dir='ltr'>in</span> <span class='ocrx_word' id='word_1_211' title='bbox 1416 3343 1495 3381; x_wconf 72' lang='lat' dir='ltr'>rouen</span> 
     </span>
     <span class='ocr_line' id='line_1_26' title="bbox 317 3413 1494 3465; baseline -0.004 -9"><span class='ocrx_word' id='word_1_212' title='bbox 317 3416 390 3456; x_wconf 78' lang='lat' dir='ltr'>Wrshr</span> <span class='ocrx_word' id='word_1_213' title='bbox 405 3415 432 3456; x_wconf 76' lang='lat' dir='ltr'>ist</span> <span class='ocrx_word' id='word_1_214' title='bbox 446 3417 490 3454; x_wconf 80' lang='lat' dir='ltr'>den</span> <span class='ocrx_word' id='word_1_215' title='bbox 504 3415 538 3454; x_wconf 76' lang='lat' dir='ltr'>lari</span> <span class='ocrx_word' id='word_1_216' title='bbox 552 3415 645 3455; x_wconf 76' lang='lat' dir='ltr'>Duellius</span> <span class='ocrx_word' id='word_1_217' title='bbox 664 3414 847 3465; x_wconf 66' lang='lat' dir='ltr'>diremptionem.</span> <span class='ocrx_word' id='word_1_218' title='bbox 867 3416 891 3453; x_wconf 79' lang='grc' dir='ltr'>Τ.</span> <span class='ocrx_word' id='word_1_219' title='bbox 907 3413 928 3451; x_wconf 79' lang='lat' dir='ltr'>V.</span> <span class='ocrx_word' id='word_1_220' title='bbox 943 3415 977 3453; x_wconf 77' lang='lat' dir='ltr'>nr.</span> <span class='ocrx_word' id='word_1_221' title='bbox 992 3414 1018 3453; x_wconf 77' lang='lat' dir='ltr'>tt</span> <span class='ocrx_word' id='word_1_222' title='bbox 1039 3413 1142 3464; x_wconf 61' lang='lat' dir='ltr'>nugensi·</span> <span class='ocrx_word' id='word_1_223' title='bbox 1157 3413 1248 3456; x_wconf 71' lang='lat' dir='ltr'>inritet.</span> <span class='ocrx_word' id='word_1_224' title='bbox 1270 3414 1308 3452; x_wconf 71' lang='lat' dir='ltr'>nie</span> <span class='ocrx_word' id='word_1_225' title='bbox 1323 3413 1449 3454; x_wconf 78' lang='lat' dir='ltr'>Unrsluritt:</span> <span class='ocrx_word' id='word_1_226' title='bbox 1473 3416 1494 3453; x_wconf 77' lang='lat'>8.</span> 
     </span>
    </p>
   </div>
   <div class='ocr_carea' id='block_1_8' title="bbox 315 3488 580 3530">
    <p class='ocr_par' dir='ltr' id='par_1_8' title="bbox 315 3488 580 3530">
     <span class='ocr_line' id='line_1_27' title="bbox 315 3488 580 3530; baseline 0.004 -3"><span class='ocrx_word' id='word_1_227' title='bbox 315 3488 378 3530; x_wconf 69' lang='lat' dir='ltr'>lirini</span> <span class='ocrx_word' id='word_1_228' title='bbox 393 3489 444 3530; x_wconf 75' lang='lat' dir='ltr'>disti</span> <span class='ocrx_word' id='word_1_229' title='bbox 458 3489 580 3529; x_wconf 64' lang='lat' dir='ltr'>rustam.</span> 
     </span>
    </p>
   </div>
   <div class='ocr_carea' id='block_1_9' title="bbox 863 3638 943 3710">
    <p class='ocr_par' dir='ltr' id='par_1_9' title="bbox 863 3638 943 3710">
     <span class='ocr_line' id='line_1_28' title="bbox 863 3638 943 3710; baseline 0 0"><span class='ocrx_word' id='word_1_230' title='bbox 863 3638 943 3710; x_wconf 76' lang='lat' dir='ltr'>nvi.</span> 
     </span>
    </p>
   </div>
   <div class='ocr_carea' id='block_1_10' title="bbox 218 3785 1499 3871">
    <p class='ocr_par' dir='ltr' id='par_1_10' title="bbox 218 3785 1499 3871">
     <span class='ocr_line' id='line_1_29' title="bbox 218 3785 1499 3871; baseline -0.001 -18"><span class='ocrx_word' id='word_1_231' title='bbox 218 3785 221 3790; x_wconf 43' lang='lat'>¹</span> <span class='ocrx_word' id='word_1_232' title='bbox 322 3797 502 3871; x_wconf 70' lang='lat' dir='ltr'>Ailasstrief</span> <span class='ocrx_word' id='word_1_233' title='bbox 513 3797 566 3870; x_wconf 74' lang='lat' dir='ltr'>fiir</span> <span class='ocrx_word' id='word_1_234' title='bbox 583 3796 635 3852; x_wconf 83' lang='lat' dir='ltr'>das</span> <span class='ocrx_word' id='word_1_235' title='bbox 654 3796 903 3870; x_wconf 72' lang='lat' dir='ltr'>Glorfrnuenstist</span> <span class='ocrx_word' id='word_1_236' title='bbox 919 3796 959 3851; x_wconf 83' lang='lat' dir='ltr'>od</span> <span class='ocrx_word' id='word_1_237' title='bbox 982 3815 1004 3851; x_wconf 83' lang='lat' dir='ltr'>s.</span> <span class='ocrx_word' id='word_1_238' title='bbox 1023 3797 1157 3851; x_wconf 74' lang='lat' dir='ltr'>desudem</span> <span class='ocrx_word' id='word_1_239' title='bbox 1176 3796 1205 3851; x_wconf 88' lang='lat' dir='ltr'>in</span> <span class='ocrx_word' id='word_1_240' title='bbox 1224 3796 1274 3852; x_wconf 83' lang='lat' dir='ltr'>der</span> <span class='ocrx_word' id='word_1_241' title='bbox 1292 3802 1396 3852; x_wconf 79' lang='lat' dir='ltr'>autera</span> <span class='ocrx_word' id='word_1_242' title='bbox 1415 3795 1499 3852; x_wconf 77' lang='lat' dir='ltr'>Stadt</span> 
     </span>
    </p>
   </div>
   <div class='ocr_carea' id='block_1_11' title="bbox 771 3885 1043 4053">
    <p class='ocr_par' dir='ltr' id='par_1_11' title="bbox 771 3885 1043 4053">
     <span class='ocr_line' id='line_1_30' title="bbox 785 3885 1034 3957; baseline -0.004 -15"><span class='ocrx_word' id='word_1_243' title='bbox 785 3885 1034 3957; x_wconf 76' lang='lat' dir='ltr'>Ktosterrreulurp.</span> 
     </span>
     <span class='ocr_line' id='line_1_31' title="bbox 771 3997 1043 4053; baseline 0.004 -3"><span class='ocrx_word' id='word_1_244' title='bbox 771 3997 832 4051; x_wconf 78' lang='lat' dir='ltr'>liat.</span> <span class='ocrx_word' id='word_1_245' title='bbox 862 3998 934 4051; x_wconf 81' lang='lat' dir='ltr'>llom.</span> <span class='ocrx_word' id='word_1_246' title='bbox 962 3997 1043 4053; x_wconf 72' lang='lat' dir='ltr'>taut.</span> 
     </span>
    </p>
   </div>
   <div class='ocr_carea' id='block_1_12' title="bbox 312 4108 1499 4846">
    <p class='ocr_par' dir='ltr' id='par_1_12' title="bbox 312 4108 1499 4846">
     <span class='ocr_line' id='line_1_32' title="bbox 410 4108 1499 4195; baseline -0.002 -23"><span class='ocrx_word' id='word_1_247' title='bbox 410 4110 565 4174; x_wconf 80' lang='lat' dir='ltr'>Universis</span> <span class='ocrx_word' id='word_1_248' title='bbox 589 4116 694 4173; x_wconf 83' lang='lat' dir='ltr'>sancte</span> <span class='ocrx_word' id='word_1_249' title='bbox 722 4109 824 4173; x_wconf 87' lang='lat' dir='ltr'>matris</span> <span class='ocrx_word' id='word_1_250' title='bbox 858 4108 989 4174; x_wconf 80' lang='lat' dir='ltr'>eoeleste</span> <span class='ocrx_word' id='word_1_251' title='bbox 1005 4108 1159 4182; x_wconf 83' lang='lat' dir='ltr'>fidelibus,</span> <span class='ocrx_word' id='word_1_252' title='bbox 1182 4109 1217 4174; x_wconf 90' lang='lat' dir='ltr'>ad</span> <span class='ocrx_word' id='word_1_253' title='bbox 1241 4130 1315 4195; x_wconf 89' lang='lat' dir='ltr'>quos</span> <span class='ocrx_word' id='word_1_254' title='bbox 1338 4115 1499 4195; x_wconf 89' lang='lat' dir='ltr'>presentes</span> 
     </span>
     <span class='ocr_line' id='line_1_33' title="bbox 317 4217 1497 4307; baseline -0.001 -27"><span class='ocrx_word' id='word_1_255' title='bbox 317 4219 416 4281; x_wconf 81' lang='lat' dir='ltr'>littore</span> <span class='ocrx_word' id='word_1_256' title='bbox 432 4219 633 4302; x_wconf 85' lang='lat' dir='ltr'>pervenerint.</span> <span class='ocrx_word' id='word_1_257' title='bbox 651 4217 714 4282; x_wconf 91' lang='lat' dir='ltr'>Nos</span> <span class='ocrx_word' id='word_1_258' title='bbox 730 4218 778 4282; x_wconf 86' lang='lat' dir='ltr'>dei</span> <span class='ocrx_word' id='word_1_259' title='bbox 794 4219 890 4300; x_wconf 85' lang='lat' dir='ltr'>gratia</span> <span class='ocrx_word' id='word_1_260' title='bbox 903 4226 1017 4305; x_wconf 77' lang='lat' dir='ltr'>petrus</span> <span class='ocrx_word' id='word_1_261' title='bbox 1033 4219 1218 4283; x_wconf 71' lang='lat' dir='ltr'>Ardorensrs</span> <span class='ocrx_word' id='word_1_262' title='bbox 1231 4220 1373 4307; x_wconf 76' lang='lat' dir='ltr'>liopems</span> <span class='ocrx_word' id='word_1_263' title='bbox 1387 4225 1497 4282; x_wconf 71' lang='lat' dir='ltr'>eamme</span> 
     </span>
     <span class='ocr_line' id='line_1_34' title="bbox 316 4326 1495 4416; baseline 0.003 -26"><span class='ocrx_word' id='word_1_264' title='bbox 316 4327 466 4392; x_wconf 86' lang='lat' dir='ltr'>Seuerine</span> <span class='ocrx_word' id='word_1_265' title='bbox 487 4327 744 4416; x_wconf 78' lang='lat' dir='ltr'>Arolriepiooopi‚</span> <span class='ocrx_word' id='word_1_266' title='bbox 756 4327 938 4412; x_wconf 73' lang='lat' dir='ltr'>franciscas</span> <span class='ocrx_word' id='word_1_267' title='bbox 953 4327 1143 4392; x_wconf 75' lang='lat' dir='ltr'>tmooerssis</span> <span class='ocrx_word' id='word_1_268' title='bbox 1166 4328 1323 4392; x_wconf 69' lang='grc' dir='ltr'>Ιίωιιαηιω</span> <span class='ocrx_word' id='word_1_269' title='bbox 1340 4326 1495 4394; x_wconf 78' lang='lat' dir='ltr'>Curensis,</span> 
     </span>
     <span class='ocr_line' id='line_1_35' title="bbox 312 4436 1499 4522; baseline -0.002 -23"><span class='ocrx_word' id='word_1_270' title='bbox 312 4457 471 4522; x_wconf 80' lang='lat' dir='ltr'>perronae</span> <span class='ocrx_word' id='word_1_271' title='bbox 491 4437 669 4509; x_wconf 74' lang='lat' dir='ltr'>durinmrsia,</span> <span class='ocrx_word' id='word_1_272' title='bbox 686 4436 869 4501; x_wconf 82' lang='lat' dir='ltr'>Ainanrdus</span> <span class='ocrx_word' id='word_1_273' title='bbox 884 4436 1002 4500; x_wconf 64' lang='lat' dir='ltr'>lucete</span> <span class='ocrx_word' id='word_1_274' title='bbox 1013 4437 1145 4501; x_wconf 80' lang='lat' dir='ltr'>Moerus</span> <span class='ocrx_word' id='word_1_275' title='bbox 1160 4436 1348 4509; x_wconf 62' lang='lat' dir='ltr'>Aradionem</span> <span class='ocrx_word' id='word_1_276' title='bbox 1361 4436 1499 4500; x_wconf 76' lang='lat' dir='ltr'>undrem</span> 
     </span>
     <span class='ocr_line' id='line_1_36' title="bbox 317 4543 1497 4632; baseline 0 -25"><span class='ocrx_word' id='word_1_277' title='bbox 317 4544 479 4616; x_wconf 82' lang='lat' dir='ltr'>liddensis,</span> <span class='ocrx_word' id='word_1_278' title='bbox 495 4544 615 4610; x_wconf 80' lang='lat' dir='ltr'>Saddar</span> <span class='ocrx_word' id='word_1_279' title='bbox 630 4545 795 4609; x_wconf 75' lang='lat' dir='ltr'>militensis</span> <span class='ocrx_word' id='word_1_280' title='bbox 806 4545 942 4609; x_wconf 72' lang='lat' dir='ltr'>Jmamo</span> <span class='ocrx_word' id='word_1_281' title='bbox 956 4544 1159 4617; x_wconf 64' lang='lat' dir='ltr'>amonim,</span> <span class='ocrx_word' id='word_1_282' title='bbox 1174 4545 1343 4632; x_wconf 74' lang='lat' dir='ltr'>Ciprionas</span> <span class='ocrx_word' id='word_1_283' title='bbox 1353 4543 1497 4609; x_wconf 68' lang='lat' dir='ltr'>dommum</span> 
     </span>
     <span class='ocr_line' id='line_1_37' title="bbox 316 4653 1495 4743; baseline -0.003 -25"><span class='ocrx_word' id='word_1_284' title='bbox 316 4661 348 4719; x_wconf 84' lang='lat' dir='ltr'>et</span> <span class='ocrx_word' id='word_1_285' title='bbox 371 4654 549 4742; x_wconf 76' lang='lat' dir='ltr'>Stephanus</span> <span class='ocrx_word' id='word_1_286' title='bbox 575 4654 743 4743; x_wconf 87' lang='lat' dir='ltr'>Opiderrsis</span> <span class='ocrx_word' id='word_1_287' title='bbox 766 4655 922 4743; x_wconf 80' lang='lat' dir='ltr'>Episcopi</span> <span class='ocrx_word' id='word_1_288' title='bbox 941 4654 1074 4719; x_wconf 87' lang='lat' dir='ltr'>Salutem</span> <span class='ocrx_word' id='word_1_289' title='bbox 1098 4656 1127 4718; x_wconf 92' lang='lat' dir='ltr'>in</span> <span class='ocrx_word' id='word_1_290' title='bbox 1150 4653 1266 4717; x_wconf 92' lang='lat' dir='ltr'>domino</span> <span class='ocrx_word' id='word_1_291' title='bbox 1286 4655 1495 4738; x_wconf 88' lang='lat' dir='ltr'>sempiternam</span> 
     </span>
     <span class='ocr_line' id='line_1_38' title="bbox 319 4760 1494 4846; baseline 0 -22"><span class='ocrx_word' id='word_1_292' title='bbox 319 4761 404 4825; x_wconf 79' lang='lat' dir='ltr'>Licet</span> <span class='ocrx_word' id='word_1_293' title='bbox 419 4763 455 4833; x_wconf 90' lang='lat' dir='ltr'>is,</span> <span class='ocrx_word' id='word_1_294' title='bbox 472 4763 510 4825; x_wconf 93' lang='lat' dir='ltr'>de</span> <span class='ocrx_word' id='word_1_295' title='bbox 523 4764 607 4827; x_wconf 88' lang='lat' dir='ltr'>ouius</span> <span class='ocrx_word' id='word_1_296' title='bbox 625 4782 745 4826; x_wconf 88' lang='lat' dir='ltr'>munere</span> <span class='ocrx_word' id='word_1_297' title='bbox 757 4764 846 4833; x_wconf 80' lang='lat' dir='ltr'>venit,</span> <span class='ocrx_word' id='word_1_298' title='bbox 858 4769 889 4826; x_wconf 84' lang='lat' dir='ltr'>rt</span> <span class='ocrx_word' id='word_1_299' title='bbox 904 4761 965 4825; x_wconf 87' lang='lat' dir='ltr'>sibi</span> <span class='ocrx_word' id='word_1_300' title='bbox 986 4785 1001 4826; x_wconf 88' lang='lat' dir='ltr'>a</span> <span class='ocrx_word' id='word_1_301' title='bbox 1023 4762 1086 4826; x_wconf 88' lang='lat' dir='ltr'>suis</span> <span class='ocrx_word' id='word_1_302' title='bbox 1102 4761 1238 4827; x_wconf 83' lang='lat' dir='ltr'>fidelibus</span> <span class='ocrx_word' id='word_1_303' title='bbox 1257 4761 1349 4846; x_wconf 82' lang='lat' dir='ltr'>digne</span> <span class='ocrx_word' id='word_1_304' title='bbox 1372 4782 1406 4824; x_wconf 86' lang='lat' dir='ltr'>oo</span> <span class='ocrx_word' id='word_1_305' title='bbox 1426 4760 1494 4824; x_wconf 85' lang='lat' dir='ltr'>lau·</span> 
     </span>
    </p>
   </div>
   <div class='ocr_carea' id='block_1_13' title="bbox 0 0 1626 5350">
    <p class='ocr_par' dir='ltr' id='par_1_13' title="bbox 0 0 1626 5350">
     <span class='ocr_line' id='line_1_39' title="bbox 0 0 1626 5350; baseline 0 0"><span class='ocrx_word' id='word_1_306' title='bbox 0 0 1626 5350; x_wconf 95' lang='lat' dir='ltr'> </span> 
     </span>
    </p>
   </div>
  </div>
 </body>
</html>
