3242 5350
277 467 353 538 182

272 644 301 706 io
320 646 449 705 nostram
468 639 751 705 confraternitatem
774 638 922 710 libenter,
945 637 1112 702 liberaliter
1126 642 1157 698 et
1173 635 1283 700 deuote
1298 638 1475 720 recipimus,

272 749 421 813 facientes
442 768 496 812 vos
519 754 579 813 tam
604 750 634 813 in
658 752 729 821 rita,
751 766 839 834 quam
862 748 890 809 in
915 751 1011 811 morte
1035 753 1066 808 ct
1092 746 1124 808 iu
1147 753 1323 829 perpetuum
1339 748 1473 809 omnium

273 859 442 928 missarum,
461 859 644 929 acacianum,
662 856 925 928 abstinenciarum,
942 854 1112 939 vigiliarum
1127 858 1158 916 et
1173 851 1300 916 aliarum
1315 853 1474 927 bonorum,

276 984 336 1049 que
352 986 409 1048 per
424 985 478 1028 nos
496 971 527 1028 et
543 985 740 1029 successores
756 971 878 1029 nostros
894 966 924 1027 in
942 961 1128 1027 monastario
1153 966 1254 1023 nostro
1272 961 1335 1025 Deo
1357 982 1475 1045 coope-

273 1077 367 1144 rante,
385 1073 436 1155 qui
452 1077 500 1136 cst
516 1072 661 1136 bonorum
685 1074 815 1138 omnium
836 1079 954 1149 auctor,
977 1072 1052 1136 fiunt
1072 1075 1103 1134 et
1125 1068 1192 1133 fieri
1209 1074 1360 1151 poterunt,
1377 1072 1474 1153 parti-

273 1182 359 1264 cipes
371 1186 401 1243 et
417 1188 586 1245 consortes.
604 1181 743 1256 edincta,
761 1184 845 1270 quod
859 1184 946 1247 vobis
962 1188 994 1246 ct
1005 1177 1218 1244 succesoribus
1228 1178 1344 1243 vestris
1355 1179 1384 1242 in
1397 1200 1473 1262 per-

272 1294 404 1373 petuum,
413 1292 661 1377 patccicscunpne
671 1291 897 1356 Monasierium
909 1297 1051 1355 nostrum
1063 1286 1271 1361 accesseritis,
1284 1294 1341 1350 dut
1351 1309 1474 1352 morum

273 1398 360 1462 circu
376 1397 458 1461 illud
473 1399 629 1481 feceritis,
654 1420 675 1463 a
690 1399 744 1462 die
765 1399 921 1462 adventus
943 1396 1043 1461 uestri
1063 1395 1109 1460 ad
1130 1400 1198 1458 octo
1214 1394 1282 1458 dies
1306 1396 1474 1461 conuenae

272 1506 468 1592 prebendam
483 1507 541 1571 uui
558 1508 787 1572 Canonicorum
808 1512 988 1570 soenorum
1011 1503 1149 1568 debitam
1173 1501 1207 1563 iu
1219 1523 1311 1588 pune
1333 1508 1365 1566 ct
1386 1504 1475 1577 aliie,
1545 1584 1548 1586 .

272 1635 333 1700 pus
348 1614 388 1678 dc
405 1616 540 1700 coquina
560 1615 618 1678 uni
638 1636 683 1679 ea
703 1615 792 1679 uobis
815 1614 891 1678 dari
910 1616 1159 1681 consueverunt.
1181 1609 1268 1673 cabis
1292 1616 1323 1672 ct
1344 1611 1474 1676 seuiebat

272 1728 410 1787 cedrum
427 1723 718 1787 administrabimus
733 1724 858 1810 intepre
873 1744 942 1787 mam
958 1724 1082 1808 affectu.
1101 1717 1298 1782 Prehendam
1313 1739 1388 1781 acro
1404 1720 1478 1784 cini

272 1830 307 1894 in
314 1836 407 1894 tanta
418 1851 578 1908 mensmn,
589 1837 739 1917 quantusm
750 1831 810 1896 uni
821 1852 866 1895 ca>
877 1832 966 1895 nobie
973 1832 1013 1895 dc
1026 1825 1181 1893 communi
1190 1825 1383 1912 prebcuduli
1397 1828 1473 1892 vino

272 1938 348 2003 duri
363 1941 542 2015 consueuit,
560 1939 646 2003 vobis
658 1938 699 2002 de
712 1939 849 2003 Collatia
861 1938 991 2002 Domini
1000 1934 1170 2024 prepositi,
1187 1933 1242 2020 qui
1255 1954 1315 2015 pro
1331 1940 1474 2021 tempore

268 2047 379 2130 suerit,
395 2046 496 2111 eciam
511 2048 552 2111 de
564 2048 619 2112 iilo
631 2047 714 2119 eino,
732 2048 818 2133 quod
827 2047 873 2110 ad
881 2045 1068 2110 Scadtcliam
1079 2064 1168 2108 mmm
1177 2042 1366 2130 paercipitur,
1382 2044 1473 2108 aolu-

270 2175 340 2218 mue
354 2154 548 2220 ministrare.
566 2155 709 2219 Preterea
727 2174 794 2218 cum
812 2153 939 2217 alicuius
957 2151 1174 2215 canonicorum
1191 2157 1360 2212 sesmarum
1382 2150 1472 2213 uobis

273 2262 432 2324 nunciatus
457 2261 549 2324 fuerit
572 2262 686 2334 obitus,
711 2261 792 2325 illius
815 2260 1037 2325 celebrabimus
1053 2259 1206 2342 exequias,
1223 2257 1473 2341 quemadmodum

272 2369 350 2452 apud
370 2389 422 2431 nos
440 2375 471 2431 ct
486 2390 541 2452 pro
558 2369 671 2434 nostris
688 2367 755 2433 lieri
772 2375 820 2434 est
833 2373 1020 2432 consuetum.
1038 2367 1076 2428 Et
1088 2371 1120 2430 ut
1131 2366 1277 2449 premissa
1290 2368 1388 2431 omnia
1399 2387 1475 2449 per-

272 2481 364 2559 petuo
388 2482 454 2540 rata
477 2484 615 2542 maneant
636 2482 667 2540 et
688 2477 875 2549 inconvulsa,
898 2475 1003 2540 damus
1025 2474 1111 2539 vobis
1135 2475 1164 2536 iu
1182 2474 1385 2538 testimouium
1401 2495 1475 2559 pre·

271 2586 428 2648 missorum
444 2586 499 2650 has
516 2586 619 2652 literas
636 2592 763 2657 nostras,
781 2591 950 2648 nostrorum
974 2583 1142 2666 sigillorum
1166 2584 1326 2646 munimine
1343 2582 1474 2646 robora-

271 2698 326 2756 tas.
353 2694 458 2758 Actum
485 2703 517 2760 et
544 2695 642 2759 datum
666 2696 844 2782 Neuburpii
871 2714 946 2757 anna
972 2692 1038 2757 [mi.
1062 2692 1223 2757 ldillesimo
1244 2692 1470 2756 Tricentesimo

271 2802 425 2883 Vigesimo
442 2803 549 2885 primo,
566 2802 598 2866 ln
616 2802 664 2867 die
681 2824 707 2865 s.
724 2802 804 2866 lucic
821 2800 965 2883 Virginis.

362 2943 469 2983 Abscbrllt
483 2944 519 2983 des
536 2945 568 2984 ll.
584 2945 742 2991 suentensem,
757 2945 885 2984 sulbenbrt
898 2943 925 2984 in
939 2943 1043 2984 Decenstc
1057 2944 1093 2983 uer
1106 2943 1185 2985 saner.

362 3051 540 3107 Abweicbcnrl
558 3070 606 3107 ron
626 3052 676 3105 den
690 3054 888 3122 gewihnlicben
901 3051 1138 3122 Verbrirderungen
1160 3051 1225 3105 wird
1238 3051 1296 3107 bier
1316 3052 1391 3106 nicht
1412 3053 1473 3108 blas

270 3140 314 3194 die
328 3141 527 3198 Gemeinscbalt
540 3144 587 3198 dee
601 3145 726 3206 Gabalos,
737 3143 850 3196 sondcru
864 3143 930 3197 euch
943 3142 986 3197 die
999 3143 1153 3214 Ertbeilung
1165 3143 1238 3196 einer
1251 3144 1471 3214 llerrenpl'reinde

270 3232 314 3285 lue
333 3231 376 3285 die
395 3233 453 3287 Zcit
471 3252 519 3286 uon
539 3235 557 3288 8
577 3234 669 3303 Tagen
689 3233 759 3304 (uad
779 3250 849 3288 urrer
868 3232 917 3286 der
935 3233 1010 3287 Wein
1029 3250 1079 3287 rou
1099 3233 1147 3287 der
1164 3233 1243 3289 Tsiel
1267 3234 1315 3288 dee
1329 3234 1471 3306 Prolatae)

271 3322 449 3391 augesicbert.

475 3626 770 3686 visitatione-scarae
787 3628 918 3692 Albcrt‘s,
933 3626 1064 3698 Biscbefs
1076 3646 1132 3684 acu
1143 3629 1260 3685 Paseuu,

601 3755 662 3808 liet.
681 3755 912 3824 Klosterneuburg
931 3757 957 3810 2.
975 3756 1038 3811 Juui
1058 3757 1138 3811 1322.

361 3881 424 3944 Nos
446 3881 612 3956 dlbertess,
636 3881 700 3945 Dei
711 3882 827 3969 praciu
843 3883 986 3949 Ecclesia
1008 3883 1211 3948 Patauinssis
1226 3885 1409 3972 Episcopum
1433 3887 1472 3950 ed

271 3995 448 4075 perpetuam
472 3989 517 4052 rei
543 3990 725 4052 memoriam.
752 3987 825 4051 Cum
843 4011 939 4073 nuper
961 3993 990 4054 in
1008 3991 1191 4055 Moaasterio
1208 3992 1474 4078 Newenburgenei

271 4096 488 4162 canonicorum
517 4095 708 4178 Regularium
741 4097 857 4161 ordinis
886 4100 982 4163 sancti
1007 4101 1167 4179 Augustini
1195 4110 1299 4166 nosue
1325 4101 1475 4186 Dyocesis

270 4214 381 4272 sancte
413 4206 611 4271 visitacionis
643 4206 779 4289 officium
814 4207 1032 4294 personaliter
1070 4210 1253 4296 episscmue,
1291 4211 1471 4276 invenimus,

272 4315 351 4398 quod
369 4335 405 4376 ex
427 4315 518 4378 certis
544 4316 643 4377 causis
671 4317 750 4376 inter·
773 4314 975 4378 venerabilem
998 4316 1196 4405 Stephanum
1213 4320 1416 4406 prepositum
1441 4328 1473 4385 et

272 4421 431 4486 nonnullos
449 4442 486 4485 ex
503 4421 662 4486 Canonicis
679 4420 788 4486 ibidem
806 4442 843 4485 ex
859 4444 915 4486 rna
932 4427 1026 4507 parte,
1051 4430 1082 4488 et
1096 4426 1289 4491 Hertesicnm
1304 4428 1472 4495 Decumum

273 4549 308 4593 ac
320 4530 424 4612 plures
437 4549 473 4592 er
484 4530 629 4594 iratribus
648 4551 684 4594 ex
700 4529 795 4594 altera
813 4531 1003 4612 gravissima,
1021 4533 1100 4617 quad
1114 4532 1252 4597 dolentes
1264 4537 1470 4621 percepimus,

273 4637 472 4702 dissensionis
488 4639 613 4701 materia
631 4639 688 4702 fuit
700 4643 776 4712 orta,
794 4638 879 4711 adeo,
897 4639 976 4723 quod
991 4641 1089 4706 dictus
1101 4641 1242 4709 Decauus
1258 4663 1326 4709 cum
1340 4647 1470 4733 quibus·
