3242 5350
303 525 382 598 464

303 702 466 768 secundum
489 709 596 769 statum
614 707 772 770 exterioris
788 705 933 779 hominis,
958 706 1007 791 qni
1031 705 1150 772 sibimet
1171 705 1384 792 quodammodo
1408 732 1480 795 pre-

303 832 411 896 parare
426 817 526 897 potest
542 814 749 879 adminiculum
765 815 796 879 in
814 818 938 880 caritate
952 814 1087 880 iubemur
1104 817 1291 882 documentis
1309 819 1481 903 apostolicis

303 922 475 987 alterutrius
498 945 587 989 onera
610 930 802 1009 supportare,
824 926 940 990 ridetur
962 929 1135 1010 oportunius
1151 933 1181 991 et
1196 926 1285 991 multo
1301 927 1389 994 saluti
1406 950 1482 995 con-

302 1032 480 1114 gruencius,
505 1040 537 1098 rt
558 1035 685 1098 interior
706 1032 793 1097 homo
818 1037 931 1105 noster,
955 1035 1004 1118 qui
1027 1032 1192 1099 disiunctus
1214 1056 1373 1120 acorporc
1390 1035 1483 1102 nichil

305 1137 362 1203 sibi
379 1141 527 1224 prodesse
542 1143 662 1227 poterit.
686 1140 828 1206 bonorum
846 1161 969 1228 operum
986 1144 1142 1208 exerciciis
1166 1149 1197 1207 et
1212 1145 1345 1209 caritatis
1362 1145 1484 1210 oracio-

304 1266 371 1311 uum
395 1249 547 1332 suffragiis
571 1251 734 1317 adiuvetur.
756 1251 819 1316 Nos
841 1252 932 1333 igitur
953 1252 1031 1314 iuxta
1053 1250 1201 1315 salubrem
1224 1251 1366 1317 desiderii
1388 1255 1485 1318 nestri

305 1363 482 1444 conceptum
506 1361 542 1425 ad
567 1360 703 1426 unionem
737 1367 839 1425 nostre
875 1360 1126 1425 confraternitatis
1152 1366 1304 1443 gratanter
1327 1380 1380 1448 uos
1401 1362 1487 1425 reci·

304 1466 423 1549 pientes
454 1468 641 1535 decrevimus
673 1469 758 1534 vobis
789 1468 925 1534 omnibus
957 1474 988 1533 et
1018 1470 1145 1552 singuiis
1177 1471 1352 1555 cunctisque
1374 1470 1486 1534 restris

305 1577 533 1644 successoribus
560 1584 619 1645 tam
646 1580 675 1643 iu
702 1577 761 1644 uita
785 1599 871 1664 quam
894 1579 925 1642 in
947 1585 1043 1644 morta
1064 1580 1182 1663 plenum
1200 1578 1272 1643 doro
1294 1579 1486 1665 participium

305 1687 433 1752 omniurn
454 1691 568 1773 piarum
591 1690 756 1762 acciouum,
781 1709 840 1773 que
857 1708 912 1773 per
928 1708 982 1752 nos
997 1688 1029 1752 in
1044 1688 1172 1753 ecclesia
1188 1693 1290 1752 nostra
1308 1709 1439 1754 exnunc
1455 1691 1487 1753 in

305 1802 393 1862 antea
406 1805 529 1883 operate
542 1800 664 1872 fuerint,
678 1799 841 1863 clemencia
860 1798 955 1862 nostri
973 1797 1140 1862 salvatoris.
1156 1797 1339 1862 Adiicientes
1352 1797 1484 1862 nichilo·

306 1907 416 1982 minus,
445 1913 476 1973 rt
502 1929 568 1973 cum
597 1908 702 1993 aliquis
728 1906 944 1972 canonicorum
967 1911 1133 1971 uestrorum
1154 1910 1279 1971 vocante
1294 1905 1413 1971 domiuo
1430 1907 1485 1971 de-

307 2017 449 2092 cesserit,
473 2018 608 2083 eiusdem
624 2016 709 2082 nobis
725 2015 808 2082 obitu
825 2019 961 2082 nunciato
982 2015 1223 2080 comendabiruus
1246 2016 1341 2100 ipsius
1357 2016 1485 2080 unimam

307 2129 466 2192 consuetis
491 2128 601 2211 vigiliis
617 2132 648 2191 et
669 2128 825 2192 missarum
852 2126 1036 2210 sollempniis
1064 2124 1198 2190 fidelium
1225 2126 1432 2210 redemptoris
1453 2126 1486 2189 ln

307 2236 392 2300 ouius
409 2237 453 2301 rei
470 2237 594 2304 evidens
610 2238 810 2302 testimouium
826 2235 911 2302 robis
928 2235 982 2299 bas
998 2242 1115 2301 nostras
1130 2236 1233 2300 literas
1248 2235 1352 2300 damus
1366 2239 1487 2298 nostro·

307 2365 370 2409 rum
391 2345 556 2427 sigillorum
578 2347 737 2410 munimine
753 2345 919 2410 roboratas.
945 2346 1051 2410 ilatum
1080 2345 1142 2408 Xlll
1164 2343 1287 2408 Kalend.
1309 2342 1489 2408 Novembris

307 2461 391 2522 Auno
408 2451 461 2521 dui
475 2456 632 2520 lliillesimo
648 2456 868 2521 Tricentesimo
885 2455 1115 2539 septuagesimo
1133 2453 1252 2536 Quinto.

390 2609 447 2659 orig.
458 2610 517 2659 Pcrg.
534 2609 573 2648 uas
584 2608 651 2658 suget
665 2608 786 2657 desl’ropstu
800 2607 859 2646 tebit.
874 2605 1063 2657 Duscapitclsiegel
1079 2603 1106 2643 ist
1120 2604 1202 2654 obloug.
1214 2602 1233 2642 iu
1249 2602 1332 2654 gelbeuu
1344 2602 1437 2649 uacare,
1452 2601 1491 2640 uurl

308 2683 370 2733 biugi
385 2696 408 2721 uu
433 2682 495 2721 ciuem
516 2682 728 2733 Pergameutstreileu.
745 2684 771 2721 lis
785 2682 863 2721 eutbilt
876 2681 932 2720 eiucu
947 2681 1008 2720 liciter
1021 2678 1056 2717 urit
1070 2676 1336 2729 ausgerpsuuteuFlirgelu‚
1353 2676 1427 2715 deuseu
1447 2689 1491 2714 voru

309 2756 390 2794 Nimbus
409 2755 530 2805 nurgrbeues
558 2757 624 2804 lluupt
647 2767 712 2806 gagen
737 2753 819 2793 llimurel
844 2752 945 2803 gericbtet
972 2752 997 2790 ist
1022 2749 1070 2806 (cler
1093 2750 1155 2789 Adler
1169 2749 1204 2788 dcc
1219 2750 1358 2801 Eraugclisteu
1374 2750 1487 2795 Jolruuues,

310 2830 393 2867 Pulrour
404 2828 439 2867 deo
449 2828 539 2868 llloslen
554 2827 574 2865 iu
584 2825 735 2879 Waldbuuseu).
750 2825 874 2865 buchrin:
890 2825 1009 2865 Stultum
1021 2850 1026 2863 .
1038 2822 1183 2863 convenius
1195 2848 1200 2860 .
1212 2822 1236 2862 lii
1247 2847 1254 2860 .
1264 2821 1393 2861 de‘l'blb's.

794 3122 1056 3204 dccccxxv.

313 3270 735 3328 Notariuts·1notrumcntriber
753 3269 799 3324 die
818 3267 1051 3324 Altarictenstclle
1074 3266 1105 3322 in
1129 3267 1180 3323 der
1204 3268 1248 3324 St.
1270 3267 1492 3342 ,ignes-(lupello

621 3361 661 3416 im
674 3362 860 3431 Krcoapongc
872 3378 908 3415 aa
921 3358 1168 3429 Klootcrncubcrg.

599 3490 657 3542 Dat.
676 3489 919 3557 lllosteruenbnrg‚
937 3489 963 3542 b.
982 3487 1125 3542 December
1144 3486 1222 3543 lauto.

401 3641 431 3703 ln
465 3637 531 3702 llsti
564 3640 692 3703 nomine.
734 3638 835 3700 Amen.
877 3639 959 3699 Auno
984 3635 1144 3699 nativitatis
1173 3633 1305 3698 eiusdem
1332 3631 1491 3699 Millesimo

313 3750 540 3815 Trecentesimo
562 3747 792 3831 septuagesimo
817 3745 934 3830 quinto,
959 3743 1008 3808 die
1032 3745 1051 3807 b
1076 3743 1185 3808 mensis
1208 3742 1385 3807 Decembris
1414 3744 1491 3807 liora

314 3862 398 3946 quasi
415 3876 572 3943 resporum
588 3855 650 3920 lnd.
668 3855 732 3919 lllll
760 3853 952 3919 Pontificatus
976 3851 1165 3916 sanctissimi
1191 3851 1220 3915 in
1244 3851 1315 3916 iloto
1344 3852 1439 3934 patris
1463 3857 1493 3917 et

312 3969 362 4033 dni
397 3969 490 4032 nostri
522 3965 630 4031 domini
659 3966 789 4051 Gregor.
826 3963 935 4027 divina
962 3963 1171 4050 providencia
1201 3982 1291 4049 pope
1315 3959 1388 4026 XF*
1410 3962 1492 4024 Anno

316 4079 424 4161 Quinto
453 4095 552 4140 coram
581 4071 752 4139 Venerabili
785 4073 816 4136 in
848 4071 920 4135 Xsto
954 4078 1038 4155 putre
1073 4092 1107 4135 ac
1141 4070 1259 4134 domino
1291 4068 1348 4132 dno
1383 4069 1494 4136 Cbolo-

312 4210 426 4253 manno
441 4185 603 4274 preposito
619 4183 805 4268 Neocnbury.
830 4180 901 4245 Can.
918 4182 992 4261 lleg.
1011 4179 1083 4243 Ord.
1106 4202 1131 4242 s.
1148 4180 1222 4264 Aug.
1241 4179 1339 4242 Pater.
1359 4178 1438 4243 dioc.
1463 4179 1493 4241 ln

312 4294 371 4361 'nei
388 4295 495 4360 notarii
512 4292 622 4378 publici
637 4292 816 4374 testiumque
833 4289 1068 4375 subscriptorum
1086 4289 1121 4353 ad
1138 4287 1196 4353 boo
1211 4287 1386 4372 specialiter
1402 4307 1493 4351 voca-

314 4410 463 4469 torum-et
487 4408 660 4484 rogatorum
688 4401 845 4485 presencia
869 4399 1020 4464 constituti
1044 4397 1166 4462 discreti
1188 4397 1243 4461 viri
1264 4397 1433 4463 deodoricus
1455 4397 1494 4461 de

315 4517 496 4602 boonspcry
518 4519 547 4575 et
567 4510 748 4598 Stephanus
768 4510 871 4574 distros
889 4508 1123 4592 Gctccndorscr.
1152 4504 1263 4570 Clerici
1287 4505 1366 4570 diota
1394 4506 1493 4569 Pater.

315 4625 391 4687 dioc.
411 4624 467 4704 Qui
490 4619 609 4704 quidem
632 4619 734 4682 clerici
757 4618 887 4682 iamdicti
905 4617 962 4681 duo
990 4616 1192 4680 cholomanno
1208 4616 1362 4699 preposito
1386 4634 1493 4699 supra-

316 4731 396 4794 dicto
413 4728 564 4792 humiliter
582 4734 692 4792 etcum
709 4727 856 4790 instancia
872 4725 1093 4810 supplicarunt,
1117 4726 1185 4809 quia
1200 4724 1281 4788 inter
1295 4725 1395 4808 ipsos,
1413 4723 1496 4789 ride-
