3242 5350
1245 507 1323 583 468

146 693 252 758 eeiten
275 693 493 758 Hwbmnister
518 692 553 755 in
581 690 760 757 osterreich
775 727 818 738 -
835 688 929 752 meins
947 686 1073 752 rechten
1094 705 1207 771 aygeus
1235 708 1324 773 many

140 803 260 886 foeder
274 802 371 867 weins
383 802 485 889 peltes
500 801 726 867 Percbrecbtee
738 802 870 886 pelopen
885 819 921 862 oe
935 796 1152 881 Salmonatorf
1166 795 1218 860 aui
1230 795 1325 859 wein-

146 914 272 994 gerten‚
297 909 347 974 die
364 909 401 974 do
418 910 513 992 ligent
527 930 564 973 an
579 910 648 974 dem
663 910 867 996 npclernperp
890 907 947 971 rud
972 926 1009 969 an
1031 908 1100 971 dnn
1114 905 1326 992 Mittermperp

143 1020 205 1084 rud
230 1040 267 1083 an
287 1019 358 1084 dem
376 1019 558 1107 Obernperp
580 1018 640 1083 nod
662 1017 760 1082 Seehs
781 1017 876 1102 phuot
897 1016 1030 1080 wienner
1050 1014 1204 1099 phenning
1224 1013 1324 1097 geltes

144 1129 278 1212 gelegon
295 1129 331 1193 da
347 1126 468 1193 selbeus
483 1150 520 1192 re
534 1127 752 1211 Sulmonntorf
766 1127 820 1192 aul
831 1125 983 1192 reatinen
1000 1129 1055 1208 gut
1071 1124 1241 1190 behawster
1256 1125 1324 1189 hol-

146 1237 274 1302 den-
296 1237 342 1301 alr
369 1237 425 1301 mir
449 1236 532 1301 mein
560 1236 657 1301 lieber
679 1236 775 1302 Obem
799 1235 940 1301 Clemens
965 1257 1026 1300 oon
1048 1233 1144 1300 Cbrut
1170 1233 1325 1298 dieselbeu

146 1342 238 1430 gdter
259 1345 407 1429 geschadt
428 1345 487 1409 rod
509 1345 650 1427 gegeben
674 1344 790 1409 hat-
812 1343 879 1409 rmb
896 1342 1069 1409 nuderthalb
1084 1341 1215 1407 hundert
1230 1343 1327 1407 Pbunt

145 1457 281 1521 nienner
303 1454 457 1539 phenning
479 1490 523 1502 -
547 1453 685 1518 Danuber
700 1476 734 1519 so
751 1453 851 1534 geben
867 1455 939 1525 wir,
962 1453 1010 1517 ich
1034 1452 1166 1540 Philipp
1188 1455 1253 1518 end
1272 1453 1324 1518 iele

149 1566 275 1635 Hanno.
290 1565 359 1629 scin
373 1571 472 1636 noter,
489 1563 542 1628 die
559 1563 815 1649 Totrerrpelrcben
834 1600 878 1611 -
899 1562 957 1625 den
979 1560 1063 1625 brief
1079 1597 1121 1609 -
1143 1562 1326 1650 vereipilten

147 1675 204 1738 mit
218 1695 334 1738 ensem
349 1673 485 1759 nwipeln
499 1674 565 1738 end
574 1673 630 1736 mit
642 1672 699 1735 cler
714 1673 827 1736 erbern
843 1671 959 1735 berron
974 1671 1114 1758 insipiln,
1131 1671 1210 1736 bern
1228 1673 1324 1756 Wolf-

147 1803 250 1871 panps
270 1804 330 1847 eon
349 1782 509 1867 annden
530 1782 594 1846 ond
613 1780 692 1845 bern
712 1779 852 1845 Vlreiclra
874 1801 936 1844 eon
955 1780 1160 1846 Lieebtenelrlr
1183 1782 1247 1846 ond
1271 1781 1326 1845 mit

148 1892 227 1957 bern
242 1891 362 1956 Jonsen
377 1891 487 1977 insipil
499 1912 559 1955 oon
573 1891 635 1955 den
645 1889 933 1976 minncrmpridern
946 1911 983 1953 ee
998 1890 1104 1956 Wenn
1116 1891 1231 1954 -Der
1247 1889 1331 1954 brief

146 2004 185 2066 ist
206 2001 305 2085 geben
328 2036 372 2047 -
392 2022 429 2065 re
446 2000 553 2066 llienn
568 2035 611 2047 -—
627 1997 956 2064 nenezeaenhundcn
969 2001 1031 2074 iar,
1055 1998 1186 2065 daruach
1207 2000 1236 2062 in
1259 1998 1325 2063 dem

147 2110 224 2175 iuml
236 2107 294 2174 rud
310 2108 549 2194 Sybenczgisten
564 2109 618 2174 lar
633 2128 669 2172 an
686 2109 759 2173 saud
777 2107 947 2191 Margreteo
962 2112 1025 2190 teg.

236 2269 293 2321 Oris.
304 2271 365 2320 ring.
380 2270 418 2311 Die
432 2270 500 2322 Siegel
515 2270 593 2322 bingen
608 2282 631 2310 an
646 2270 856 2322 Pergnmentstreileu.
872 2269 911 2309 Dm
921 2274 975 2310 erute
989 2269 1016 2309 in
1029 2271 1090 2317 nod,
1106 2272 1125 2311 in
1140 2272 1219 2323 gersen
1230 2273 1322 2320 wican,

148 2348 182 2387 hat
204 2345 229 2384 iu
249 2343 379 2394 dreieekigen
403 2343 484 2383 Sebilde
503 2343 559 2384 eirca
577 2341 680 2383 «turmam
695 2344 808 2395 &hortea
822 2342 884 2382 Adler
902 2342 937 2381 mil
955 2350 1114 2396 superparem
1127 2345 1219 2397 elegera.
1239 2346 1315 2395 Μ.

147 2416 256 2458 PlllLlPPl
266 2443 272 2454 .
283 2416 317 2455 DE
328 2442 334 2454 .
345 2415 510 2456 TOTZENPECH
521 2442 527 2455 .
547 2416 588 2456 un·
597 2416 676 2463 sveine,
687 2417 744 2460 rond.
754 2417 773 2456 in
783 2416 863 2468 gelbenr
873 2416 966 2464 wicum,
976 2416 1054 2456 enthilt
1063 2417 1164 2458 dierelben
1174 2418 1283 2464 Embleme,
1299 2418 1325 2458 nt

148 2491 196 2531 aber
205 2488 336 2530 rerbroehen.
348 2489 387 2526 Dm
397 2489 464 2535 dritte,
475 2489 590 2539 gleiehialla
601 2489 659 2536 rand,
669 2488 689 2528 ia
698 2490 779 2541 selben
790 2489 887 2534 wicum,
904 2489 980 2529 enthilt
994 2489 1049 2529 einen
1067 2490 1138 2535 Helm,
1153 2491 1189 2531 mit
1207 2491 1242 2531 der
1256 2491 1325 2531 Helm-

148 2565 209 2604 aare
219 2561 258 2601 aad
268 2561 331 2601 einen
341 2561 510 2603 Praeconinus
523 2562 661 2613 genehmuekt.
676 2563 692 2611 †
703 2588 710 2601 .
721 2562 734 2599 S
745 2588 751 2600 .
762 2562 911 2601 WOLFGANGI
922 2589 928 2601 .
940 2565 970 2608 De
987 2590 993 2602 .
1004 2563 1114 2607 WlNDEN.
1127 2565 1168 2604 Dm
1178 2564 1241 2605 rierle
1255 2563 1324 2615 Siegel

146 2639 174 2679 iul
187 2636 280 2677 bekannt.
295 2634 336 2673 Dm
345 2634 410 2674 fflnlte
420 2634 447 2674 in
456 2633 575 2685 reebeerkig
589 2634 607 2672 in
621 2633 701 2686 galbam
712 2634 803 2674 Warbne.
815 2636 841 2676 Er
856 2636 912 2687 reigt
921 2636 947 2676 in
957 2635 1084 2689 oreiecuigeu
1094 2637 1175 2680 seniles
1185 2637 1242 2680 einen
1253 2638 1325 2687 rutge-

147 2713 251 2756 ocanni,
261 2708 386 2760 georgeum
397 2707 461 2749 Greil.
484 2708 607 2748 doaetrina
617 2710 634 2757 «ι-
645 2737 649 2746 .
662 2710 676 2747 S
687 2736 693 2746 .
704 2707 802 2748 loannis
814 2736 821 2749 .
831 2711 889 2749 FlLll
901 2736 907 2749 .
918 2710 1069 2751 WElOEdllDl.

593 3017 871 3097 CCCCLXXIV.

147 3162 206 3216 Dos
228 3161 303 3233 seire
330 3160 520 3217 Woldbonsen
538 3163 638 3219 nimmt
655 3161 898 3235 Klostemenbnrp
919 3166 950 3221 in
972 3165 1019 3220 elie
1037 3164 1181 3235 peiatliclee
1205 3166 1324 3221 Verbra'l-

647 3254 755 3325 rlerunp
766 3259 824 3323 aas.

463 3382 520 3437 bat.
540 3382 724 3448 waldhausen
743 3386 787 3440 20.
800 3384 917 3441 October
929 3385 1007 3441 lars.

234 3528 416 3592 Reverendis
443 3528 473 3592 in
501 3529 616 3594 christo
643 3531 792 3616 patribus,
822 3531 947 3598 dominis
977 3540 1008 3599 et
1037 3534 1236 3600 confratribus
1257 3534 1320 3600 suis

145 3638 309 3703 karissimis
326 3639 461 3703 dominis.
489 3640 700 3707 Cbolomonno
720 3644 894 3709 Venerabili
908 3646 1084 3731 preposito.
1101 3645 1322 3710 Bortbolomeo

143 3748 281 3814 Deeono.
305 3749 420 3831 totique
437 3747 573 3834 capitulo
590 3752 731 3816 Ecclesie
746 3754 1009 3841 Nemnborpensis
1026 3753 1097 3820 Ord.
1120 3775 1145 3816 s.
1162 3755 1239 3836 Aug.
1256 3754 1320 3817 Pat.

143 3855 220 3919 dioc.
238 3857 404 3922 Fridrimes
424 3858 478 3923 dci
491 3860 701 3945 permissione
719 3862 911 3948 prepositos,
931 3863 1049 3928 Vtricoa
1066 3864 1204 3929 decanos
1224 3871 1320 3929 tolne-

143 3988 201 4052 pne
225 3967 399 4031 Convertere
419 3966 503 4031 Mon.
525 3968 712 4034 Woltlrosen.
736 3971 869 4035 eiusdem
894 3968 1005 4034 ordinis
1028 3976 1058 4034 et
1074 3972 1223 4054 dyocesis.
1248 3971 1320 4035 Cum

144 4075 261 4138 devotis
283 4075 473 4139 oracionibus
491 4077 637 4141 sinceram
655 4084 685 4143 et
700 4080 861 4144 fraternam
877 4080 905 4142 in
923 4079 1042 4145 domino
1060 4083 1223 4145 caritatem.
1248 4080 1319 4146 Cum

143 4182 349 4264 religiosorum
367 4184 498 4249 ecclesie
515 4185 618 4250 ledere
634 4188 794 4271 singularis
811 4188 986 4254 dileccionis
1003 4190 1138 4255 adunate.
1153 4189 1236 4273 vigili
1249 4211 1318 4256 cura
1422 4240 1429 4248 .

142 4311 261 4376 semper
286 4291 322 4355 ad
346 4292 404 4357 hoe
425 4293 581 4359 intendere
601 4296 739 4361 debeant.
765 4304 796 4362 ut
821 4300 870 4383 qui
895 4318 967 4363 nexu
992 4301 1118 4364 carnalis
1140 4301 1248 4365 amoris
1270 4300 1319 4365 hic

142 4398 271 4464 fideliter
294 4403 523 4485 coniunguntur,
548 4404 653 4470 solutis
677 4414 706 4470 et
731 4407 907 4491 corporibus
929 4409 959 4471 in
976 4409 1084 4492 spiritu
1101 4410 1230 4473 feliciter
1247 4431 1320 4474 cou-

140 4514 314 4592 gregentur.
328 4510 371 4574 dd
390 4512 467 4597 quod
485 4517 585 4598 utique
600 4512 728 4579 fiendum
742 4564 749 4578 .
763 4514 854 4580 nichil
868 4516 941 4581 adeo
957 4517 1107 4582 eredimus
1122 4519 1319 4603 profuturum,

141 4638 230 4703 quam
249 4624 282 4682 ut
304 4619 378 4684 fusis
401 4642 456 4706 pro
478 4623 603 4688 invicem
626 4624 685 4708 piis
701 4624 966 4690 obsecracionibus
983 4626 1160 4711 placabilem
1176 4628 1233 4692 sibi
1250 4628 1320 4692 red·

139 4726 209 4791 dant
224 4748 385 4811 supernum
401 4729 548 4805 iudicem,
572 4733 622 4818 qui
646 4734 675 4796 in
692 4733 735 4796 ira
752 4735 962 4800 misericordie
978 4737 1164 4803 recordatur.
1189 4737 1222 4802 Si
1239 4739 1318 4802 enirn
