3242 5350
1266 424 1339 495 183

146 605 214 666 darn
230 624 269 667 ex
291 602 453 667 Canonicis
476 606 573 666 minus
596 602 689 681 digne
705 601 819 662 luerint
841 601 963 671 attensi.
991 606 1022 663 et
1044 619 1101 662 non
1117 602 1184 663 sine
1200 598 1342 663 scandalo

146 710 322 792 perturbati.
347 709 493 775 Volentes
509 708 601 791 igitur
617 707 733 771 eisdem
749 710 781 769 et
797 707 865 770 aliis
882 706 1037 780 iratribus,
1054 706 1145 791 atque
1162 707 1220 791 ipsi
1236 708 1341 771 Mona·

147 818 237 883 sterio
253 822 341 884 circa
355 819 456 882 lutura
472 814 614 880 scandala
629 817 695 879 sive
710 813 847 899 pericula
863 835 1046 898 precavere,
1064 815 1102 878 de
1121 813 1342 909 venerabilium

148 924 339 991 Prolatnrnm
360 926 537 991 stelionum
559 924 727 1007 sapientum
751 924 1024 1007 infrascriptarum
1042 924 1167 987 consilio
1192 943 1246 1009 pro
1263 922 1342 988 bono
1421 997 1426 1007 ⁸

147 1035 231 1116 pacis
256 1041 290 1097 et
316 1032 480 1100 concordie
508 1030 607 1096 taliter
634 1030 836 1103 statuendum,
865 1029 1068 1094 diffiniendum
1092 1032 1229 1096 duximus
1251 1033 1341 1096 etiam

146 1140 355 1207 ordinandum.
379 1142 478 1204 Primo
494 1140 650 1211 videlicet,
667 1145 698 1200 vt
714 1139 886 1222 prepositus
910 1139 1080 1204 antedictus
1103 1142 1200 1204 omnia
1228 1142 1341 1223 majora

147 1269 181 1312 ac
202 1251 305 1331 magis
331 1252 424 1314 ardna
453 1247 629 1312 blonasterii
652 1247 790 1328 negocia,
814 1245 957 1312 videlicet
981 1246 1125 1311 bonorum
1148 1248 1341 1313 immobilium

145 1357 351 1423 alienacianes
367 1361 539 1443 perpetuas,
559 1355 662 1419 autad
679 1358 765 1427 vitas,
782 1354 967 1419 donaciones
983 1354 1215 1438 prebendarum,
1233 1378 1343 1443 recep·

145 1467 249 1530 dones
266 1468 393 1531 stanam
411 1470 443 1530 et
458 1465 576 1535 similia.
593 1483 653 1548 quo
670 1462 735 1527 sine
752 1463 880 1527 consilio
897 1468 947 1527 aut
963 1484 1112 1528 consensu
1130 1463 1259 1548 Capituli
1275 1466 1343 1531 beri

146 1594 201 1637 non
218 1580 454 1646 consueverunt,
471 1578 522 1638 aut
536 1576 680 1656 possunt,
704 1591 891 1658 nequaquam
914 1572 981 1636 sine
998 1571 1125 1656 Capituli
1141 1574 1198 1644 sui,
1216 1579 1266 1638 aut
1282 1575 1343 1638 sal·

145 1688 203 1748 tem
218 1683 294 1754 Sex,
310 1684 358 1749 vel
376 1684 412 1748 ad
431 1685 528 1747 minus
547 1682 681 1764 Quatuor
692 1682 849 1745 meliorum
862 1688 894 1744 et
905 1681 1054 1745 saniorum
1071 1683 1196 1746 consilio
1213 1682 1342 1758 ordinet,

144 1795 194 1855 aut
219 1790 372 1876 disponat
398 1792 542 1855 Preterea
563 1789 710 1860 volumus,
733 1794 765 1853 vt
785 1789 950 1855 Jolsonneo
972 1790 1013 1854 dc
1035 1789 1224 1877 Sycamdors,
1248 1794 1343 1856 frater

146 1901 295 1983 prepositi
317 1901 400 1964 circa
425 1919 527 1962 omnes
551 1897 687 1962 officinas
710 1904 741 1961 et
765 1897 891 1978 negocia
908 1898 1084 1961 llonasterii
1106 1897 1143 1961 ab
1160 1901 1240 1964 intus
1257 1906 1287 1965 et
1303 1901 1341 1964 ab

145 2012 227 2071 extra
244 2007 338 2071 nichil
354 2007 546 2092 permittatur
561 2005 675 2069 babere
692 2003 730 2068 de
746 2008 850 2068 cetero
866 2007 1034 2087 potestatis,
1057 2007 1098 2070 ita
1122 2005 1209 2079 adeo,
1235 2016 1268 2072 vt
1285 2029 1341 2072 nec

143 2117 231 2186 intra.
261 2135 320 2179 nec
346 2122 430 2179 extra
457 2114 557 2199 aliqua
584 2112 641 2176 sibi
666 2113 902 2177 amministracio
929 2114 1141 2182 committatur.
1169 2115 1233 2180 Nec
1261 2116 1340 2181 idem

144 2223 299 2287 lohannes
323 2228 355 2287 et
376 2242 448 2286 vxor
467 2241 520 2285 sua
538 2241 603 2285 cnm
620 2223 687 2304 ipso
704 2223 860 2304 preposito
878 2220 934 2284 sub
951 2198 1092 2305 expensis
1108 2223 1171 2287 suis
1187 2232 1342 2289 morentur

143 2332 295 2404 confines,
312 2336 402 2415 prort
418 2331 564 2394 hactenus
581 2335 813 2394 consueverunt
830 2331 972 2393 Preterea
988 2350 1055 2395 cum
1071 2332 1245 2414 prepositus
1262 2335 1340 2417 ipse,

144 2440 221 2504 sicut
237 2445 271 2503 et
285 2437 412 2523 quilibet
429 2437 565 2501 Prelatns
582 2437 632 2521 pie
650 2457 685 2501 ac
703 2443 827 2522 paterne
844 2436 980 2501 subditos
998 2458 1069 2503 suos
1082 2439 1193 2503 debeat
1203 2448 1342 2525 pertrac-

145 2553 221 2621 tare,
238 2568 278 2611 ne
294 2547 362 2632 plus
379 2547 490 2618 timeri,
509 2566 596 2631 qnam
613 2549 721 2619 amari,
744 2551 795 2610 aut
817 2547 911 2629 magis
928 2566 1066 2629 preesse,
1090 2567 1177 2630 quam
1194 2550 1341 2632 prodesse

145 2655 222 2720 velle
246 2659 385 2741 putetur,
407 2654 557 2728 volumus,
581 2659 612 2718 vt
637 2655 663 2718 si
686 2656 856 2740 quempiam
878 2676 915 2718 ex
932 2655 1075 2729 dominis,
1100 2663 1150 2722 aut
1166 2658 1341 2725 dominabus

144 2749 296 2849 vtriusque
304 2762 489 2835 Conventus,
498 2767 529 2826 vt
538 2762 698 2835 hominem,
707 2763 845 2827 fortassis
857 2764 1013 2846 contingat
1025 2765 1184 2838 excedere,
1197 2787 1340 2833 excessus

143 2874 203 2951 illc,
228 2875 448 2957 cuiuscumque
464 2869 660 2944 condicionis,
683 2878 735 2935 aut
751 2871 905 2956 qualitatis
922 2874 1039 2945 existat,
1056 2874 1086 2937 in
1103 2873 1241 2959 Capitulo
1255 2876 1341 2959 juxta

147 2984 267 3054 bubum
294 2980 450 3045 consilium
473 2981 622 3062 condigna
645 2982 815 3063 penitencia
837 2983 985 3065 puniatur.
1012 2983 1127 3065 Quodsi
1148 2984 1276 3069 aliquem
1292 2987 1339 3049 vel

146 3091 283 3175 aliquam,
300 3109 389 3154 vnum
406 3094 456 3153 aut
472 3088 575 3173 plures
594 3090 697 3162 semel,
720 3089 766 3153 vel
785 3089 900 3174 pluries
915 3110 1037 3172 graves,
1062 3091 1141 3176 quod
1160 3091 1248 3165 absit,
1266 3113 1340 3158 con-

146 3202 274 3281 tingeret
303 3202 483 3288 perpetrare
505 3217 660 3269 excessus,
689 3219 744 3280 pro
772 3198 879 3285 quibus
907 3205 1035 3282 possent
1055 3205 1086 3262 et
1111 3200 1260 3265 deberent
1282 3223 1340 3264 non

145 3309 282 3372 inmerito
300 3308 447 3371 carcerali
463 3305 602 3390 penerel
617 3307 755 3371 custodie
772 3308 921 3390 deputari,
934 3309 1110 3381 statuimus,
1124 3315 1155 3374 vt
1167 3312 1340 3395 prepositus

145 3418 252 3481 tratres
268 3417 365 3500 ipsos,
382 3423 433 3480 ant
449 3414 617 3499 Capitulum
634 3415 664 3477 in
682 3418 796 3501 obloyc
811 3438 880 3489 auc,
904 3437 997 3504 qnam
1019 3419 1099 3503 ipsis
1123 3423 1341 3504 confirmamus

145 3531 175 3590 et
185 3526 402 3612 approbamus
408 3546 469 3611 per
470 3530 649 3611 presentes,
662 3523 741 3587 nulla
754 3524 990 3608 racionepossit,
1003 3532 1053 3589 ant
1062 3526 1172 3590 debeat
1182 3526 1339 3609 impedire.

147 3630 226 3713 Quod
235 3633 427 3715 si‚quodnon
436 3632 1341 3717 presumimus,prepositumsepedictumpremissosQuatnor

145 3742 302 3814 lrticulos,
319 3740 368 3804 vel
385 3740 508 3804 aliorum
522 3739 649 3824 aliquem
661 3739 841 3825 intringere,
856 3747 907 3805 aut
919 3741 1142 3827 quomodolibet
1158 3763 1217 3806 non
1231 3742 1338 3808 obser·

145 3871 211 3913 rare
223 3853 430 3931 contingeret.
447 3849 531 3912 etde
548 3849 607 3912 boc
622 3870 679 3932 per
695 3851 805 3913 tratres
823 3851 861 3914 de
874 3849 1010 3933 Capitulo
1027 3851 1252 3916 racionabiliter
1267 3872 1339 3917 oon-

144 3962 285 4032 vincatur‚
304 3958 450 4030 volumus,
467 3959 624 4022 statuimus
641 3963 673 4023 et
688 3958 869 4032 ordinamus,
886 3966 949 4024 vta
966 3961 1156 4043 prepositura
1169 3963 1235 4045 ipsa
1252 3963 1340 4027 cadat

144 4069 271 4140 omnino,
285 4086 322 4131 ac
335 4069 416 4131 omni
427 4066 511 4139 lure,
525 4067 603 4152 qood
617 4070 646 4131 in
661 4089 695 4130 ea
709 4068 767 4131 sibi
782 4071 937 4152 competit,
954 4069 1022 4133 sine
1038 4070 1118 4132 omni
1130 4073 1286 4134 sentencia
1303 4092 1338 4136 ac

144 4178 397 4249 connadiccione,
411 4178 476 4240 sive
488 4175 701 4259 impedimento
714 4177 755 4239 sit
766 4177 833 4260 ipso
850 4177 930 4242 tacto
945 4181 1090 4261 privatus,
1104 4178 1147 4242 Ad
1166 4180 1245 4264 qnod
1258 4180 1337 4244 idem

144 4288 312 4371 prepositus
322 4306 358 4349 se
374 4283 540 4349 voluntarie
553 4283 710 4365 obligavit.
729 4286 767 4350 Vt
783 4291 882 4350 autem
899 4288 1046 4370 premissa
1059 4289 1156 4350 omnia
1173 4293 1204 4349 et
1219 4288 1336 4369 singula

147 4400 289 4480 perpetue
311 4394 454 4458 memorie
477 4394 731 4464 commendentur.
756 4416 791 4459 ac
807 4401 872 4460 rata
888 4402 919 4460 et
934 4394 1114 4460 inviolabilia
1128 4404 1336 4480 perseverent,

147 4509 301 4587 presentes
316 4502 531 4594 dilliniciones,
555 4502 766 4578 ordinaciones
790 4509 823 4567 et
844 4508 954 4569 statuta
971 4512 1091 4576 nostro,
1111 4526 1151 4571 cc
1169 4504 1336 4592 Stephani,

125 4671 129 4679 .
148 4612 332 4678 amnonis·
344 4610 627 4698 Nearercdnrpcnais
639 4610 802 4699 propositi
812 4613 947 4699 prefati,
964 4635 1023 4678 nec
1033 4635 1097 4678 non
1108 4614 1336 4680 omcrabilium
