3242 5350
1259 543 1307 615 75

137 735 205 779 run.
221 714 339 781 Census
356 737 428 782 vero
443 718 513 783 talis
529 724 584 783 est
603 718 756 782 bnuuatim
772 717 924 782 solventur
939 724 1040 783 nostro
1056 718 1235 782 monasterio
1251 718 1309 781 duc

137 823 237 896 nerlii,
262 845 339 890 unns
354 825 486 910 siliginis
506 834 537 891 et
558 827 634 890 alter
649 845 743 890 avene
764 830 794 889 et
810 826 923 889 denarii
939 847 1003 890 m.
1025 825 1109 909 Quod
1126 827 1152 889 si
1176 827 1309 911 preiatns

136 953 240 996 census
265 955 325 998 nou
341 934 433 998 inerit
448 941 550 998 nostro
566 935 745 999 monasterio
768 932 835 997 loco
851 940 883 997 et
896 940 1032 1018 tempure
1052 939 1161 998 statuto
1183 936 1308 1005 solutus,

135 1042 273 1127 predicti
292 1042 414 1106 domini
430 1043 471 1106 dc
493 1042 705 1130 Municeps,
727 1043 781 1129 qui
802 1045 928 1129 plenam
954 1043 1201 1107 iurisdictionem
1225 1044 1311 1108 lanei

132 1151 296 1237 prenotati
309 1157 416 1215 teneor
431 1158 462 1215 el
470 1151 643 1237 possident,
660 1154 813 1226 colosson,
830 1153 885 1238 qni
899 1152 999 1237 ipsooo
1015 1153 1133 1229 incolit,
1149 1153 1194 1216 od
1201 1173 1310 1217 census

133 1261 324 1325 solucionem
334 1262 417 1326 εἰαιί
431 1283 503 1325 ocos
508 1262 799 1349 propricscclosos
809 1260 920 1334 modis,
931 1261 1041 1346 quibos
1046 1267 1208 1347 paleroso,
1219 1281 1309 1326 cccr-

132 1371 253 1434 labent.
276 1370 309 1433 lu
326 1370 410 1433 euius
425 1370 469 1432 rei
491 1369 690 1432 testimonium
712 1367 902 1452 presentibus
926 1374 1058 1432 nostrum
1075 1368 1203 1450 sigillum
1224 1367 1309 1431 duxi·

134 1496 199 1538 runs
216 1477 438 1560 opponendum.
453 1479 526 1543 neto
542 1482 609 1543 snut
625 1477 681 1541 bec
694 1497 769 1540 annu
782 1475 891 1540 domini
907 1474 1041 1539 icccc
1055 1477 1080 1540 1⁰
1097 1484 1202 1560 quarto
1218 1496 1310 1540 nouas

132 1584 215 1648 Julii.

828 1726 983 1767 scurnum
997 1725 1079 1767 trebiri
1092 1727 1127 1767 ΙΙΙ.
1137 1727 1173 1767 tol.
1187 1726 1221 1766 sl.
1236 1727 1255 1766 b.

201 1833 348 1888 llantbuler
359 1834 475 1889 mbbut
486 1836 574 1891 dieses
590 1835 686 1890 Xauies
698 1834 770 1890 Fert.
788 1832 896 1906 Compil.
915 1834 946 1887 Τ.
960 1834 992 1889 11.
1005 1834 1031 1888 Ρ.
1051 1835 1070 1889 b
1083 1853 1108 1907 p.
1122 1834 1166 1891 69.
1178 1834 1310 1889 Districb·

131 1926 208 1978 stoek
236 1925 335 1993 genoso
357 1940 388 1976 zn
407 1923 457 1978 deu
480 1943 512 1978 au
530 1926 636 1980 Grande
653 1942 824 1996 gegingensn
851 1924 1035 1986 Ortsebsiten,
1053 1925 1097 2003 ulie
1124 1924 1201 1979 dobin
1221 1925 1310 1978 lrr'lber

128 2014 272 2085 geborigeu
299 2014 407 2068 Wieseu
431 2016 535 2070 ourdsn
560 2017 630 2073 1639
661 2017 711 2071 den
737 2017 940 2071 fliedentbulern
965 2017 1139 2087 rugerieseu.
1162 2016 1211 2071 Dis
1235 2017 1307 2087 bago

129 2106 260 2160 bestimmt
289 2104 339 2157 dns
359 2104 518 2160 Grundbueb
545 2124 601 2161 rum
622 2105 699 2161 lubre
721 2107 805 2162 1312:
833 2106 1022 2163 Districbstok.
1052 2106 1168 2178 Venedig
1199 2112 1308 2177 genunt,

131 2196 154 2248 in
172 2195 350 2249 bubeubsrler
366 2196 447 2267 pbsrr
470 2195 598 2251 unisuben
617 2198 759 2252 hobeubsrt
777 2197 829 2251 und
848 2197 977 2252 lesdcrler
995 2200 1170 2270 strsssjstosst
1188 2198 1255 2251 oben
1278 2214 1309 2251 au

131 2286 170 2340 lie
189 2288 342 2340 lantstnss.

651 2475 785 2546 LXXlX.

132 2629 263 2685 lloalmur
281 2647 337 2685 oon
356 2629 466 2702 Aspero
484 2630 596 2701 qoiltsbt
612 2629 674 2687 deos
690 2628 780 2705 stille
798 2630 855 2686 den
867 2630 1010 2704 Empsorop
1028 2630 1079 2687 cler
1099 2647 1152 2686 coo
1170 2629 1226 2685 ilos
1244 2630 1310 2685 clor-

511 2720 671 2789 celiebsoen
690 2720 733 2778 20
752 2717 833 2777 Melit
852 2719 939 2777 Korou.

531 2850 589 2903 nos
608 2866 629 2902 s.
648 2847 666 2901 ι.
684 2849 729 2903 ar.
748 2848 824 2920 seps
840 2821 921 2902 'rsus

222 2975 292 3058 Ego
309 2977 487 3043 Hellmcrus
503 2979 543 3043 de
557 2978 685 3064 Aspare
701 2983 799 3041 uotum
817 2995 887 3039 esse
903 2974 970 3037 volo
987 2975 1174 3064 presencium
1191 2976 1312 3058 inspec-

137 3084 253 3149 toribus
277 3085 440 3158 rnirersis,
465 3086 541 3168 quod
559 3106 615 3168 ego
638 3086 668 3148 in
684 3084 798 3172 cipinli
810 3084 922 3149 modiis
940 3084 1043 3148 tritici
1050 3105 1114 3170 per
1128 3105 1176 3148 me
1192 3084 1224 3148 in
1239 3085 1312 3148 ssl-

136 3194 249 3258 sidiom
273 3193 521 3280 Neooborpeoo·
545 3195 674 3259 ecclesie
695 3194 818 3258 dcmiw
839 3192 1001 3257 Hadmorc
1024 3193 1178 3278 qoondnnr
1199 3192 1313 3256 ibidem

137 3302 304 3387 Prepesilo
319 3303 481 3374 concessis,
494 3323 558 3366 suun
573 3303 630 3366 rite
647 3307 677 3366 et
688 3299 876 3381 integraliter
887 3299 1052 3385 expeditus,
1064 3307 1095 3365 et
1107 3321 1174 3364 com
1190 3301 1313 3364 litoroso

138 3429 229 3492 snper
245 3411 441 3473 concessione
456 3410 625 3474 huiusmodi
639 3410 670 3473 in
684 3411 882 3474 testimonium
899 3430 954 3493 per
970 3408 1117 3473 (lominum
1136 3407 1312 3471 bladmorurn

138 3518 305 3600 predictum
328 3518 418 3583 michi
438 3519 633 3601 assignatam,
656 3519 777 3585 comsit
792 3518 932 3605 perdito,
955 3517 1151 3604 nonpossint
1167 3515 1309 3590 reddere,

139 3625 304 3709 aliqualiter
319 3627 449 3691 ecclesie
464 3635 641 3702 memorate,
665 3626 723 3691 sibi
739 3630 897 3711 presentes
913 3624 1017 3688 literas
1033 3645 1099 3688 meo
1115 3623 1216 3707 sigillo
1240 3643 1313 3687 cou-

138 3734 268 3816 sigustas
285 3733 422 3816 predicte
439 3736 643 3820 expedicicuis
660 3755 714 3799 seu
735 3732 951 3819 persolucicuis
970 3733 1001 3796 in
1017 3733 1217 3797 testinnonium
1235 3733 1313 3796 assi·

140 3841 235 3923 gnari,
248 3861 287 3904 ne
297 3842 328 3904 in
344 3845 496 3925 posterum
512 3863 549 3906 ex
564 3844 681 3908 inuenta
694 3843 771 3907 iurte
787 3843 873 3908 litera
890 3842 994 3906 eadem
1010 3841 1164 3925 sepedicta
1181 3838 1311 3904 ecelesia

143 3950 278 4034 aliquales
293 3951 499 4034 impeticicnes
511 3949 560 4015 rel
575 3951 697 4016 iniurias
713 3971 729 4014 a
742 3972 789 4014 me
803 3952 851 4015 rel
863 3971 879 4014 a
896 3949 1077 4035 quibuslibet
1091 3949 1156 4012 aliis
1168 3948 1309 4032 paciatur.

27 4109 28 4114 1
142 4057 806 4144 Datumannollonrinibl⁰CCC⁰primcindies.
822 4056 1310 4142 Matbeiapostolietewangeliste.

615 4202 712 4242 uenus.
724 4202 805 4243 Arcbiri
822 4202 856 4244 lli.
870 4203 906 4241 tol.
920 4202 954 4244 ⁶³.
967 4202 988 4245 b.
1008 4202 1047 4241 ui
1060 4201 1128 4243 Gbrrt.
1144 4200 1176 4240 ll.
1190 4200 1222 4240 bi·
1236 4212 1255 4239 a.

209 4300 255 4354 Die
284 4299 405 4354 Urlrnnde
431 4301 516 4371 oeigt.
544 4301 605 4354 (lass
624 4302 719 4372 Propst
746 4301 851 4371 {ludger
878 4299 965 4370 gleicb
991 4300 1058 4354 beiru
1083 4298 1198 4354 Antritte
1225 4299 1310 4353 seiner

145 4393 235 4447 Wrirrle
253 4392 361 4463 besorgt
379 4407 440 4452 rar,
459 4391 502 4446 die
521 4391 651 4446 Schulden
671 4392 758 4446 selues
775 4390 941 4462 Vorgaugers
960 4391 1070 4445 iludmar
1094 4391 1273 4445 abrustosseu.
