3242 5350
318 522 367 592 72

316 682 372 770 tes,
389 696 436 760 uel
453 717 554 761 aarum
570 695 765 781 pedissequas
778 696 897 762 Cboree
914 696 992 770 liant,
1009 717 1064 760 nec
1081 695 1195 761 eisdem
1208 691 1393 759 sccula'ribus
1406 691 1493 754 lemi-

316 806 362 870 nis
379 805 425 869 nel
441 826 542 870 earum
558 806 747 891 pedissequis
764 812 845 872 entra
863 807 1030 872 Claustrum
1046 806 1084 869 ad
1100 806 1225 871 choreus
1240 805 1287 871 uel
1304 803 1360 867 alia
1375 806 1494 886 speeta-

316 914 380 978 cula
395 913 520 979 licencia
537 914 728 989 concedetur,
746 936 812 980 cum
829 917 943 981 ancillis
959 916 1070 981 Christi
1089 914 1200 980 ibidem
1216 911 1435 977 remanentibus
1458 928 1493 972 es

315 1025 372 1086 boc
389 1023 559 1086 scandalum
581 1024 655 1086 etin
673 1025 801 1089 servicio
824 1026 873 1090 dei
896 1025 1008 1089 tedium
1023 1029 1194 1106 generetur.
1211 1023 1373 1086 innitentes
1397 1019 1491 1083 eciam

313 1133 449 1196 mandato
466 1132 632 1215 apostolico
648 1133 679 1196 in
696 1154 823 1218 corpore
839 1135 912 1198 iuris
929 1133 1030 1198 clauso
1046 1132 1229 1204 mandamus,
1245 1132 1339 1194 eciam
1356 1128 1493 1191 districte

314 1241 506 1324 precipimus,
516 1247 547 1302 vt
559 1239 635 1304 idem
643 1238 810 1305 Claustrum
825 1241 1088 1306 sanctimonialium
1102 1240 1131 1302 in
1144 1240 1279 1303 contiuua
1292 1240 1331 1303 sit
1342 1236 1491 1299 clausura.

317 1355 348 1413 ct
365 1348 443 1431 quod
470 1346 614 1411 bloninles
643 1348 738 1412 nullas
762 1351 872 1414 iaciant
892 1352 1103 1434 processiones
1122 1354 1278 1412 consuetas
1297 1344 1434 1409 bectiuus
1457 1363 1493 1405 ex

315 1456 429 1520 eodem.
447 1455 483 1519 Et
491 1456 561 1519 nulli
574 1477 610 1520 cx
622 1458 667 1520 eis
679 1457 766 1521 detur
779 1460 905 1523 exeundi
916 1456 1054 1529 licencia,
1068 1456 1124 1520 nisi
1136 1475 1172 1520 ex
1180 1455 1259 1546 justa
1272 1473 1361 1517 causa
1373 1451 1410 1515 ad
1424 1471 1492 1514 eer-

312 1572 372 1629 tum
388 1570 515 1647 tempus.
536 1565 615 1628 lutra
635 1565 712 1650 quud
732 1566 757 1630 si
775 1588 834 1631 non
846 1566 963 1631 uenerit
975 1565 1023 1627 uel
1043 1565 1070 1627 si
1082 1563 1345 1655 extraveonstituta
1357 1560 1491 1623 habitum

312 1671 468 1755 religionis
480 1692 539 1736 uon
550 1674 652 1738 tulerit
663 1675 992 1760 gravissimepuuiatur.
1002 1673 1158 1737 Hortamur
1174 1672 1295 1753 insuper
1308 1671 1490 1753 prepositum

312 1787 343 1846 et
358 1779 539 1846 conventum
553 1781 708 1864 predictis,
725 1789 754 1847 ut
768 1786 956 1848 Consentiam
974 1780 1266 1848 Saoctimooiulium
1281 1786 1312 1842 et
1323 1777 1487 1841 ecclesium

309 1891 414 1955 sancti
425 1891 537 1955 duculi
555 1891 682 1956 Wiconc
696 1892 864 1956 mobicctom
880 1891 994 1956 cisdcm
1010 1910 1048 1953 ne
1058 1888 1095 1952 ab
1106 1887 1211 1950 urdine
1223 1887 1317 1949 sancti
1330 1885 1489 1966 Augustini

311 1996 440 2071 decidat,
457 2019 511 2082 per
527 2018 614 2062 vuum
635 1999 672 2063 de
688 2000 750 2063 suis
766 1999 908 2063 tratribus
925 2000 955 2061 in
971 1995 1210 2062 confessionibus
1233 2000 1263 2058 et
1279 1994 1344 2057 aliis
1359 1992 1484 2056 duribus

312 2105 516 2191 spiritualibus
532 2106 701 2191 gubernent
716 2111 747 2171 et
762 2106 938 2190 precludant
960 2106 1136 2170 Monialibus
1153 2104 1264 2168 ibidem
1284 2101 1406 2164 illicitos
1424 2103 1489 2164 exi·

312 2223 375 2288 tus,
397 2235 472 2300 quos
488 2214 662 2299 plerumque
684 2214 796 2280 faciunt
818 2216 854 2279 ad
877 2215 997 2279 amicos.
1027 2215 1214 2299 Serreutque
1237 2213 1376 2278 formam.
1401 2228 1489 2292 quam

312 2343 401 2407 supra
422 2324 460 2386 de
476 2322 652 2387 blouialibus
673 2323 953 2404 Niuuburgcnsibus
975 2323 1109 2387 duximus
1126 2318 1320 2421 startuendam.
1344 2316 1491 2380 Districte

312 2431 407 2495 eciam
422 2432 617 2518 precipimus,
634 2437 666 2495 vt
681 2433 776 2497 omnis
797 2432 908 2497 familia
924 2433 1034 2496 inutilis
1056 2436 1086 2494 et
1102 2432 1250 2514 superflua
1267 2432 1325 2489 tam
1346 2425 1375 2487 iu
1393 2423 1488 2487 Domo

311 2540 454 2625 prepositi
477 2545 508 2603 ct
527 2542 557 2604 in
581 2539 708 2605 udicinis
735 2540 928 2606 interioribus
951 2549 982 2606 ct
1008 2539 1207 2604 exterioribus
1229 2535 1363 2600 omnibus
1391 2531 1488 2596 modis

238 2638 246 2655 '
312 2648 499 2733 presidatur,
524 2652 554 2713 et
570 2647 648 2714 nulla
663 2649 814 2742 deinceps
837 2670 964 2735 persona
989 2650 1018 2713 in
1039 2647 1205 2714 claustrum
1222 2643 1439 2709 Canonioorum
1460 2650 1490 2704 et

311 2757 582 2822 sanctimonialium
608 2758 784 2843 aliquatinus
811 2768 992 2831 assumetur,
1023 2759 1118 2844 quoad
1149 2775 1243 2840 nsque
1269 2752 1364 2816 omnia
1389 2750 1489 2813 debita

311 2866 420 2930 suerint
436 2866 598 2950 persoluta.
615 2872 646 2932 et
662 2866 791 2932 ecclesia
808 2867 941 2950 plenarie
956 2868 1124 2931 reformata.
1141 2866 1180 2928 Et
1195 2870 1224 2927 vt
1244 2882 1259 2924 a
1276 2859 1488 2946 premissorum

310 2972 503 3038 observanciu
527 2996 582 3059 per
602 2975 804 3055 ignorauciam
822 2996 908 3041 nemo
931 2976 1027 3039 valcat
1048 2974 1192 3039 excusari.
1223 2971 1408 3054 Precipimus
1433 2967 1486 3031 sub

312 3083 418 3146 virtute
434 3087 537 3147 sancte
553 3083 728 3149 obediencie
743 3085 892 3167 premissa
908 3087 1004 3148 omnin
1022 3084 1131 3148 Sancte
1147 3080 1262 3163 Regule
1283 3080 1487 3163 scriptutcnus

311 3192 440 3263 annecti,
457 3197 488 3254 et
503 3193 580 3256 omni
592 3192 667 3257 teria
683 3200 765 3256 senta
778 3191 984 3274 Quorumlibet
1000 3196 1122 3278 quatuor
1138 3197 1304 3273 temporum
1320 3186 1414 3250 bunis
1425 3190 1484 3249 sin·

309 3299 388 3380 gulis
414 3299 444 3362 in
472 3300 606 3385 Cupitulo
633 3301 831 3385 pronunciari.
858 3301 890 3364 ln
918 3321 1041 3385 quorum
1068 3299 1270 3363 testimouium
1294 3296 1485 3380 presentibus

309 3408 415 3490 Sigilta
431 3417 530 3474 nostra
548 3409 683 3473 duximus
697 3409 902 3494 appendenda.
919 3409 1071 3474 [intumet
1091 3415 1187 3472 ectum
1203 3405 1381 3491 Nioraburpi
1404 3406 1484 3467 Anno

309 3517 419 3580 domini
435 3517 572 3582 M⁰CCC⁰
586 3518 681 3601 primo
696 3517 772 3582 feria
789 3526 871 3583 serta
888 3523 1013 3604 quatuor
1029 3525 1193 3602 temporum
1210 3516 1416 3578 Pentecostes.

361 3641 419 3693 urit.
434 3643 494 3693 Prrss.
508 3639 570 3697 (llep.
586 3642 630 3684 tet.
645 3645 680 3683 ru.
694 3643 714 3681 ¹.
729 3643 766 3682 tal.
780 3643 827 3697 85.)
847 3643 887 3683 ot·
900 3642 971 3694 siagri
992 3643 1011 3682 in
1030 3641 1110 3693 geben
1124 3640 1196 3681 werbe
1210 3639 1287 3691 bingen
1306 3651 1330 3677 nn
1351 3638 1484 3690 Pergameni·

307 3712 398 3752 struitur.
412 3714 453 3753 Dru
467 3719 522 3753 erute
536 3713 572 3753 nuit
587 3714 623 3753 der
638 3714 761 3755 Umnebriitr
776 3717 798 3754 8.
814 3713 899 3754 Abbatin
917 3715 943 3754 de
957 3716 1014 3756 ceu·
1034 3714 1161 3766 Angelorum,
1176 3713 1202 3753 int
1216 3713 1260 3752 den
1274 3711 1307 3751 bei
1321 3711 1389 3750 liuber
1411 3712 1435 3752 Τ,
1451 3710 1481 3749 Vl.

307 3797 326 3825 n.
341 3784 354 3823 d
368 3785 511 3837 rbgebildnten
525 3785 615 3827 ibnlieb.
631 3787 671 3825 Dra
686 3788 757 3826 turrita
772 3787 867 3826 senatu·
881 3787 943 3826 indat
957 3787 1000 3826 sicb
1015 3786 1048 3825 bei
1063 3785 1155 3826 Duellius
1166 3787 1214 3827 Ere.
1230 3785 1311 3825 Generi.
1326 3785 1351 3824 Τ.
1365 3782 1397 3823 tl.
1419 3796 1437 3823 ι.
1448 3781 1480 3820 Sl.

307 3857 347 3895 Ant
365 3856 408 3896 de·
428 3856 504 3896 dritten
526 3859 582 3897 ntnbt
601 3858 638 3896 der
651 3857 691 3898 ΑΜ
707 3857 744 3897 nit
758 3857 876 3897 teneatue·
898 3859 986 3909 usupra.
1006 3858 1026 3898 in
1041 3858 1077 3898 der
1090 3858 1180 3898 becbtcn
1203 3857 1240 3896 den
1258 3854 1374 3895 llirtenrtnb
1393 3854 1481 3896 canuno.

306 3927 400 3967 vibranti
421 3928 454 3968 die
468 3929 522 3968 lintc
537 3929 574 3968 dor
588 3931 650 3968 drnnt
668 3929 752 3981 enliegt.
774 3930 895 3970 Unncbrittx
910 3933 927 3980 †
941 3933 963 3971 S.
977 3951 1077 3963 ·-—-
1090 3929 1109 3968 ci
1124 3929 1227 3980 Propositi
1242 3928 1305 3968 suncti
1321 3927 1421 3968 Floriani.
1441 3929 1480 3967 Du

304 3999 369 4039 rierte
384 4001 420 4040 rnlt
433 4002 470 4040 der
488 4003 610 4042 Uruncbritt:
630 4005 646 4053 †
661 4004 684 4044 d.
700 4002 782 4042 ficulnei
796 4003 880 4043 rien-nt
894 4003 919 4043 dn
931 4003 1088 4050 Drercbircben,
1102 4002 1130 4042 int
1149 4004 1193 4042 deun
1208 4002 1241 4042 bei
1258 4002 1325 4040 {inber
1344 4002 1369 4041 Τ.
1385 4000 1479 4040 mill.

305 4086 322 4112 n
339 4073 363 4113 lt)
376 4073 519 4125 nbgebildeten
533 4074 610 4126 gleieb.
624 4087 662 4114 nur
675 4075 727 4114 tcblt
741 4074 778 4115 der
792 4074 899 4126 golbincbe
912 4063 1014 4114 libnrbrn.

375 4172 422 4226 bie
440 4172 564 4227 Urkundc
584 4174 661 4244 neigt,
680 4174 742 4227 dass
761 4174 804 4227 die
818 4173 978 4229 Cborsrauen
998 4191 1029 4227 un
1049 4175 1099 4228 den
1113 4175 1280 4229 ddentlicbcn
1293 4173 1478 4226 Processionen

303 4262 358 4317 nicb
378 4263 561 4334 betheiligten,
580 4265 621 4318 eiu
641 4265 779 4319 Gabrnucb
799 4267 892 4320 dorin
912 4266 1069 4320 Frankrsieb
1093 4265 1190 4320 bereits
1208 4264 1241 4319 im
1260 4267 1286 4319 7.
1303 4264 1479 4319 dubrbuudert

302 4353 410 4407 bestund
436 4352 572 4423 (ttubillon
591 4355 624 4408 dc
649 4356 686 4409 lic
705 4356 769 4426 dipl.
795 4356 824 4409 t..
843 4356 884 4410 Vl.
902 4356 999 4410 Cbnrtu
1023 4357 1064 4410 vi.
1090 4356 1123 4410 ad
1148 4373 1206 4410 nnn.
1231 4358 1292 4411 634.
1317 4373 1379 4427 pug-
1401 4355 1475 4426 ddi).

302 4446 353 4498 und
373 4445 428 4499 sicb
447 4445 472 4497 in
493 4443 719 4517 Klostcrneuburg
730 4450 797 4501 trotz
817 4448 877 4501 dem
898 4448 1082 4516 uorliegenden
1102 4449 1214 4501 Verbote
1233 4449 1271 4501 bis
1288 4449 1326 4501 ins
1347 4449 1388 4501 lb.
1401 4448 1475 4501 dabr-

302 4536 414 4589 buudert
431 4536 523 4589 biuaus
541 4536 641 4591 erbielt.
668 4539 740 4591 llenn
759 4538 806 4593 nul
822 4539 905 4592 cinem
929 4540 954 4592 in
973 4540 1061 4608 Renug
1081 4540 1127 4593 uui
1144 4539 1186 4592 dis
1205 4539 1406 4592 lllostcrreturm
1430 4557 1474 4591 uon

299 4642 348 4679 uon
367 4625 450 4679 sincm
473 4626 619 4681 Gborlnsrrn
640 4627 788 4699 (nielleicbt
806 4628 927 4682 Colomun
945 4629 1054 4700 linapp)
1068 4648 1099 4682 an
1122 4630 1172 4682 dcn
1185 4630 1281 4700 Propst
1297 4631 1322 4683 in
1341 4630 1473 4683 Brieiiorm

299 4714 463 4784 perictitctcn
481 4717 648 4787 Vorsebluge,
668 4718 739 4772 stebt
757 4723 883 4774 nusuirts
902 4719 1023 4788 totgcnde
1043 4719 1213 4791 cherlrung.
1238 4720 1380 4774 Consilium
1406 4720 1472 4791 quod
