3242 5350
1250 441 1329 513 219

134 613 185 676 bus
201 617 371 696 prevenire,
388 635 424 677 ac
440 623 610 678 eternorum
625 616 734 679 intuitu
750 616 902 679 seminare
917 616 948 678 in
964 615 1070 691 terris,
1088 613 1166 698 quod
1184 612 1330 678 reddente

134 721 334 786 dominorum
351 720 547 805 multiplicato
564 724 663 787 fructu
681 722 864 805 recolligere
880 723 1033 786 ualeamus
1062 724 1090 786 iu
1109 721 1197 793 celis,
1215 720 1330 784 lirinum

134 850 213 913 spem
241 830 442 914 fiduciamque
469 835 629 903 tenentes,
667 832 807 915 quoniam
824 831 875 916 qui
898 849 989 913 parce
1012 829 1155 900 seminat,
1184 848 1278 911 parce
1300 831 1332 891 et

134 942 229 1010 metet,
246 942 279 1000 et
296 938 347 1021 qui
363 937 491 1001 seminat
507 936 535 999 in
553 936 826 1011 benedictionibus,
850 938 888 1000 de
903 934 1166 1003 benedIctiourbus
1189 938 1220 999 et
1238 938 1331 999 metet

135 1044 226 1107 Vitam
243 1051 391 1109 eternam.
415 1044 489 1109 Cum
512 1046 605 1126 igitur
628 1067 664 1109 ex
687 1052 773 1128 parte
798 1047 977 1111 dilectorum
998 1044 1124 1110 filiorum
1148 1049 1330 1116 nostrorum,

135 1155 291 1240 Greporii,
307 1155 400 1219 Peos-i
413 1161 445 1218 et
462 1150 654 1218 abeodem
678 1153 760 1217 dieti
778 1152 937 1219 Burebcls
958 1153 998 1217 de
1018 1152 1218 1218 Nuwcnbure
1241 1150 1330 1214 nobis

133 1262 221 1324 luerit
236 1262 449 1345 supplicatum,
466 1264 499 1325 ut
514 1258 650 1324 omnibus
668 1259 858 1324 venientibus
874 1261 913 1324 ad
926 1259 1096 1324 claustrum
1112 1264 1218 1323 sancte
1234 1258 1331 1322 blaric

136 1369 264 1451 Virginis
292 1369 325 1431 ln
353 1367 545 1433 anenburu
569 1367 754 1431 Patariensis
781 1367 929 1451 Dynccsis
958 1365 1085 1431 velimus
1116 1362 1331 1449 indulgentias

133 1476 286 1548 exhibere,
303 1477 366 1541 Nos
383 1512 427 1522 -
443 1474 579 1545 omnibus
598 1492 674 1538 rere
689 1473 895 1559 penitentibus
912 1480 943 1539 et
957 1475 1119 1547 coniceris,
1137 1475 1189 1559 qui
1205 1472 1253 1539 uel
1271 1490 1331 1559 que

134 1585 298 1669 predictum
320 1583 507 1649 visitaverint
529 1580 698 1646 (llsnstrurn
721 1582 753 1645 in
772 1584 870 1665 ipsius
891 1582 1122 1654 festivitatibus,
1151 1603 1205 1646 seu
1229 1583 1328 1647 eclam

131 1693 298 1757 Nativitatis
314 1692 438 1762 domini,
456 1690 711 1761 circumcisionis,
729 1689 907 1773 Epiphania,
924 1688 1184 1761 Resurreeeiunls,
1206 1691 1325 1754 Ascen-

133 1799 233 1875 sionis,
255 1803 452 1883 pentecostes
474 1796 539 1862 Nec
558 1816 618 1861 non
634 1800 664 1861 in
680 1798 942 1882 solempnitatibus
959 1797 1048 1862 beate
1065 1797 1162 1861 blerie
1179 1796 1324 1879 Virglnls,

134 1907 293 1971 beaterum
310 1908 395 1971 Petri
410 1914 441 1971 et
456 1905 549 1977 Pauli,
572 1905 758 1992 aliorumque
773 1907 988 1991 Apostolorum
1004 1910 1036 1970 et
1051 1904 1327 1988 evangelistarum,

135 2018 229 2079 sancti
245 2015 395 2081 lobannis
412 2014 552 2098 baptiste,
577 2016 673 2078 sancti
696 2013 825 2088 ldeolei,
849 2015 946 2078 saneti
962 2013 1118 2097 Stephani,
1136 2013 1233 2077 sancti
1249 2012 1331 2077 beu·

135 2123 231 2195 rentii,
259 2126 359 2187 saneti
381 2122 515 2194 ldartiui,
543 2126 648 2186 sancte
674 2122 855 2195 lieterinne,
882 2127 989 2187 sancte
1013 2121 1196 2204 liuguaete,
1226 2124 1330 2185 sanem

135 2230 324 2313 liagdaleue,
343 2235 448 2294 eenole
471 2228 617 2305 Elisabet,
634 2232 663 2295 in
680 2233 760 2295 testo
777 2230 924 2315 Corporis
941 2230 1066 2303 Christi,
1083 2231 1114 2293 in
1131 2228 1331 2293 dedieaeiune

136 2340 275 2409 ecclesie,
294 2341 323 2401 in
341 2340 418 2402 testo
443 2340 571 2403 omniurn
587 2346 776 2412 sanctorum,
801 2340 834 2403 ln
857 2339 910 2403 die
931 2340 1094 2403 animarum
1111 2341 1142 2400 et
1157 2354 1213 2421 per
1228 2353 1330 2400 eorum

136 2452 264 2519 maras,
281 2466 447 2531 manusque
462 2449 653 2530 porrexerint
683 2447 846 2512 adiutriees
861 2448 907 2511 Ad
924 2445 1080 2517 fabricem,
1104 2444 1259 2509 luminaria
1276 2464 1332 2508 seu

138 2562 309 2620 ornamenta
326 2555 458 2619 ecclesie
475 2555 663 2639 supradicte,
687 2554 736 2621 rel
760 2555 813 2639 qui
834 2572 944 2637 corpus
962 2553 1076 2617 Christi
1098 2554 1196 2618 secuti
1210 2553 1333 2625 moriat,

137 2685 201 2728 eum
222 2667 362 2749 portatur
384 2662 526 2740 infirmis,
548 2662 595 2727 rel
620 2664 670 2749 qui
691 2664 721 2727 in
745 2664 888 2729 sentino
900 2663 1091 2751 potencione
1104 2663 1191 2727 deris
1206 2660 1335 2744 genibus

136 2777 180 2837 lcr
204 2774 269 2837 Are
293 2773 387 2836 blarie
409 2772 547 2845 dixerint,
574 2772 704 2856 quilibet
725 2777 861 2837 nostrum
883 2771 936 2835 XL
960 2772 1026 2836 dies
1050 2771 1088 2834 de
1117 2771 1259 2835 iniunctis
1289 2771 1334 2833 eis

136 2882 314 2964 peniteneiis
331 2880 570 2945 misericorditer
585 2881 616 2943 in
632 2880 749 2944 domino
763 2879 942 2944 relaxamus.
956 2878 1123 2943 Dummodo
1136 2878 1333 2964 Dyooeoauus

138 2993 252 3072 prestet
280 3008 447 3054 assensum.
473 2988 506 3051 lu
533 2988 619 3052 cuius
646 2990 694 3051 rei
721 2988 923 3052 testimouium
951 2991 1112 3071 presentes
1140 2986 1245 3049 literas
1268 2983 1333 3047 lieri

137 3099 270 3170 lecimus,
287 3097 456 3180 sigillorum
472 3102 643 3161 nostrorum
655 3097 848 3179 appensione
865 3097 1002 3160 munitas.
1021 3095 1128 3160 Datum
1140 3093 1236 3160 Rome
1248 3093 1334 3157 Anno

139 3206 245 3271 domini
263 3207 305 3269 Μ·
322 3205 408 3269 000ο
423 3204 539 3277 xxvi..
564 3206 680 3269 Mensis
702 3205 808 3269 Marcii
832 3205 880 3269 dle
902 3201 991 3268 llllll.
1009 3201 1203 3288 pontificatus
1220 3199 1333 3265 domini

139 3314 282 3378 lobannis
298 3336 377 3399 pape
392 3314 479 3378 llllll.
497 3315 581 3378 Anno
597 3315 662 3378 eius
677 3314 807 3377 decimo.

225 3421 288 3486 Nos
304 3424 451 3489 Albcrtue
466 3422 522 3487 dei
534 3422 647 3505 procia
660 3421 861 3487 pataviense
877 3419 1046 3506 Episcopus
1061 3420 1157 3484 dictas
1173 3417 1336 3499 indulgen·

139 3533 200 3595 cies
215 3532 306 3595 llatae
323 3529 468 3596 habemus
493 3536 525 3592 et
549 3535 664 3612 grates,
689 3535 830 3614 quantum
854 3529 892 3592 de
908 3531 975 3593 iure
990 3528 1146 3592 efficacius
1164 3545 1334 3611 possumus,

137 3638 278 3725 lpsesquc
304 3640 361 3705 sub
385 3639 568 3723 appensione
593 3640 687 3701 nostri
711 3637 809 3722 sigilli
833 3637 1045 3703 confirmantes
1062 3636 1230 3720 patrocinio
1247 3635 1334 3699 huius

139 3748 252 3830 scripti.
276 3747 384 3812 Datum
412 3748 539 3814 Wuenne
559 3746 644 3811 Anno
670 3746 787 3811 Domini
805 3747 846 3810 bl⁰
864 3744 950 3810 000ο
968 3744 1118 3811 Vicesimu
1136 3745 1229 3810 Sexto
1245 3743 1332 3809 llllll.

140 3854 203 3917 llal.
221 3855 302 3937 llaij.

227 3998 285 4049 un'g.
302 3999 364 4049 Perg.
381 3995 444 4052 (liep.
459 3998 503 4036 Vct.
519 3999 554 4038 iir.
572 3998 605 4037 ll.
620 3997 657 4037 sel.
674 3997 721 4051 21.)
746 3999 774 4037 ln
789 3998 918 4039 zwisalten
938 4012 976 4039 reu
996 4000 1076 4046 bluuer,
1096 3999 1169 4039 rethur
1188 3999 1228 4039 und
1248 3998 1335 4039 weisser

141 4068 205 4108 l'arbe
218 4069 295 4120 singen
310 4069 355 4108 drei
370 4069 429 4109 orale
443 4069 513 4121 siege!
528 4081 566 4109 rer
581 4071 661 4112 remu
676 4070 756 4114 lineis.
773 4070 815 4114 lia·
835 4075 890 4114 oreta
909 4072 945 4110 lunt
960 4070 1055 4110 Duellius
1074 4072 1123 4110 liae.
1139 4072 1223 4110 Genesi.
1237 4070 1287 4109 rau.
1302 4069 1334 4124 Vl·

141 4152 159 4178 ι,
174 4141 208 4185 ⁵2,
221 4141 256 4179 das
270 4141 342 4181 :veie
356 4153 377 4181 u.
393 4142 426 4184 bl.
441 4141 477 4180 dus
500 4141 565 4181 dritte
583 4143 633 4181 Tab.
655 4141 677 4180 V.
694 4155 713 4181 n.
729 4143 762 4183 tt.
782 4143 824 4182 on
840 4143 909 4196 Sicgel
929 4144 965 4183 des
986 4145 1086 4184 Prusuucr
1103 4142 1198 4182 lllrubots
1219 4142 1293 4182 Altero
1315 4142 1334 4182 la

140 4211 219 4262 affin
231 4214 303 4256 Μι
322 4214 390 4266 negt
404 4226 430 4254 n
445 4213 510 4258 atron
524 4215 602 4266 erue·
624 4214 758 4256 &ideumaei
778 4211 819 4255 ud
837 4214 867 4255 ist
885 4216 922 4255 er·
940 4211 1051 4263 abusus,
1071 4215 1108 4256 uie
1122 4214 1158 4256 bri
1171 4211 1268 4255 bruttius
1282 4215 1297 4256 Ι.
1312 4226 1336 4257 a.

142 4284 303 4327 amem

229 4395 256 4448 P.
267 4396 370 4466 ,lobarm
383 4396 464 4454 llllll.
477 4397 550 4450 batte
563 4397 597 4450 im
610 4397 634 4451 J.
648 4399 719 4452 1319
730 4397 897 4469 (Raynnldus
909 4397 943 4452 ed
957 4399 982 4451 b·
996 4414 1019 4451 a.
1034 4415 1059 4452 n.
1069 4397 1122 4466 58)
1132 4396 1183 4452 deu
1195 4397 1335 4458 Gebruuub

143 4486 190 4538 deu
201 4485 660 4557 uncinatigcnsve-uaria-urutens
673 4489 814 4558 bouilligt3
825 4489 882 4543 bier
894 4488 1033 4562 gescbiebl
1046 4488 1070 4540 in
1084 4487 1135 4541 den
1148 4487 1336 4544 stisttbrtun·

144 4573 193 4628 den
205 4575 285 4632 daron
298 4578 341 4630 die
356 4580 427 4634 ersle
438 4577 610 4649 Erwulmung.
