<?xml version="1.0" encoding="UTF-8"?>
<!DOCTYPE html PUBLIC "-//W3C//DTD XHTML 1.0 Transitional//EN"
    "http://www.w3.org/TR/xhtml1/DTD/xhtml1-transitional.dtd">
<html xmlns="http://www.w3.org/1999/xhtml" xml:lang="en" lang="en">
 <head>
  <title>
</title>
<meta http-equiv="Content-Type" content="text/html;charset=utf-8" />
  <meta name='ocr-system' content='tesseract 3.04.00' />
  <meta name='ocr-capabilities' content='ocr_page ocr_carea ocr_par ocr_line ocrx_word'/>
</head>
<body>
  <div class='ocr_page' id='page_1' title='image "./fontesrerumaust10unkngoog_0311.png"; bbox 0 0 3242 5350; ppageno 0'>
   <div class='ocr_carea' id='block_1_1' title="bbox 289 446 367 518">
    <p class='ocr_par' dir='ltr' id='par_1_1' title="bbox 289 446 367 518">
     <span class='ocr_line' id='line_1_1' title="bbox 289 446 367 518; baseline 0 0"><span class='ocrx_word' id='word_1_1' title='bbox 289 446 367 518; x_wconf 70' lang='lat'><strong>234</strong></span> 
     </span>
    </p>
   </div>
   <div class='ocr_carea' id='block_1_2' title="bbox 276 620 1483 2652">
    <p class='ocr_par' dir='ltr' id='par_1_2' title="bbox 276 620 1483 2652">
     <span class='ocr_line' id='line_1_2' title="bbox 284 620 1480 709; baseline 0.002 -24"><span class='ocrx_word' id='word_1_2' title='bbox 284 621 561 705; x_wconf 54' lang='lat' dir='ltr'><strong>acuocltprotam</strong></span> <span class='ocrx_word' id='word_1_3' title='bbox 586 623 750 695; x_wconf 82' lang='lat' dir='ltr'><strong>Docauue,</strong></span> <span class='ocrx_word' id='word_1_4' title='bbox 783 624 939 709; x_wconf 83' lang='lat' dir='ltr'><strong>&#39;lutusque</strong></span> <span class='ocrx_word' id='word_1_5' title='bbox 967 620 1139 687; x_wconf 76' lang='lat' dir='ltr'><strong>Conventus</strong></span> <span class='ocrx_word' id='word_1_6' title='bbox 1168 624 1345 687; x_wconf 82' lang='lat' dir='ltr'><strong>Monosterii</strong></span> <span class='ocrx_word' id='word_1_7' title='bbox 1372 629 1480 687; x_wconf 84' lang='lat' dir='ltr'><strong>sancte</strong></span> 
     </span>
     <span class='ocr_line' id='line_1_3' title="bbox 286 729 1479 814; baseline 0.002 -23"><span class='ocrx_word' id='word_1_8' title='bbox 286 730 380 792; x_wconf 80' lang='lat' dir='ltr'><strong>ilaris</strong></span> <span class='ocrx_word' id='word_1_9' title='bbox 396 729 589 812; x_wconf 83' lang='lat' dir='ltr'><strong>Newuburge</strong></span> <span class='ocrx_word' id='word_1_10' title='bbox 605 730 727 794; x_wconf 79' lang='lat' dir='ltr'>Ordinis</span> <span class='ocrx_word' id='word_1_11' title='bbox 750 733 845 796; x_wconf 86' lang='lat' dir='ltr'><strong>sancti</strong></span> <span class='ocrx_word' id='word_1_12' title='bbox 867 732 1024 814; x_wconf 77' lang='lat' dir='ltr'><strong>Augustini</strong></span> <span class='ocrx_word' id='word_1_13' title='bbox 1048 729 1265 796; x_wconf 87' lang='lat' dir='ltr'><strong>Canonieorum</strong></span> <span class='ocrx_word' id='word_1_14' title='bbox 1286 730 1479 811; x_wconf 85' lang='lat' dir='ltr'><strong>Regularinm</strong></span> 
     </span>
     <span class='ocr_line' id='line_1_4' title="bbox 286 837 1481 927; baseline 0.005 -28"><span class='ocrx_word' id='word_1_15' title='bbox 286 837 471 901; x_wconf 87' lang='lat' dir='ltr'><strong>Patavienais</strong></span> <span class='ocrx_word' id='word_1_16' title='bbox 495 839 635 921; x_wconf 78' lang='lat' dir='ltr'><strong>dyocesis</strong></span> <span class='ocrx_word' id='word_1_17' title='bbox 659 838 775 902; x_wconf 89' lang='lat' dir='ltr'><strong>insimul</strong></span> <span class='ocrx_word' id='word_1_18' title='bbox 809 841 973 904; x_wconf 86' lang='lat' dir='ltr'><strong>constituti.</strong></span> <span class='ocrx_word' id='word_1_19' title='bbox 999 840 1215 914; x_wconf 73' lang='lat' dir='ltr'><strong>divertentes,</strong></span> <span class='ocrx_word' id='word_1_20' title='bbox 1240 840 1320 923; x_wconf 89' lang='lat' dir='ltr'><strong>quod</strong></span> <span class='ocrx_word' id='word_1_21' title='bbox 1343 849 1481 927; x_wconf 82' lang='lat' dir='ltr'><strong>propter</strong></span> 
     </span>
     <span class='ocr_line' id='line_1_5' title="bbox 288 946 1483 1035; baseline 0.003 -26"><span class='ocrx_word' id='word_1_22' title='bbox 288 946 561 1032; x_wconf 79' lang='lat' dir='ltr'><strong>importunitatem</strong></span> <span class='ocrx_word' id='word_1_23' title='bbox 585 947 767 1031; x_wconf 72' lang='lat' dir='ltr'><strong>petracium</strong></span> <span class='ocrx_word' id='word_1_24' title='bbox 777 968 843 1035; x_wconf 82' lang='lat' dir='ltr'><strong>pro</strong></span> <span class='ocrx_word' id='word_1_25' title='bbox 858 948 1052 1033; x_wconf 59' lang='lat' dir='ltr'><strong>recipiendis</strong></span> <span class='ocrx_word' id='word_1_26' title='bbox 1070 948 1263 1013; x_wconf 79' lang='lat' dir='ltr'><strong>Moniolilus</strong></span> <span class='ocrx_word' id='word_1_27' title='bbox 1288 947 1420 1014; x_wconf 79' lang='lat' dir='ltr'><strong>cottidie</strong></span> <span class='ocrx_word' id='word_1_28' title='bbox 1450 957 1483 1012; x_wconf 83' lang='lat' dir='ltr'><strong>et</strong></span> 
     </span>
     <span class='ocr_line' id='line_1_6' title="bbox 288 1054 1481 1141; baseline 0.002 -24"><span class='ocrx_word' id='word_1_29' title='bbox 288 1054 441 1121; x_wconf 66' lang='lat' dir='ltr'><strong>concere</strong></span> <span class='ocrx_word' id='word_1_30' title='bbox 473 1076 530 1119; x_wconf 87' lang='lat' dir='ltr'><strong>nos</strong></span> <span class='ocrx_word' id='word_1_31' title='bbox 559 1056 786 1141; x_wconf 49' lang='lat' dir='ltr'><strong>salgamium,</strong></span> <span class='ocrx_word' id='word_1_32' title='bbox 824 1072 965 1119; x_wconf 88' lang='lat' dir='ltr'><strong>numerus</strong></span> <span class='ocrx_word' id='word_1_33' title='bbox 1001 1075 1137 1121; x_wconf 88' lang='lat' dir='ltr'><strong>sororum</strong></span> <span class='ocrx_word' id='word_1_34' title='bbox 1175 1076 1229 1120; x_wconf 85' lang='lat' dir='ltr'><strong>seu</strong></span> <span class='ocrx_word' id='word_1_35' title='bbox 1257 1055 1481 1120; x_wconf 77' lang='lat' dir='ltr'><strong>sanctimonia·</strong></span> 
     </span>
     <span class='ocr_line' id='line_1_7' title="bbox 286 1161 1481 1247; baseline 0.004 -24"><span class='ocrx_word' id='word_1_36' title='bbox 286 1161 355 1224; x_wconf 86' lang='lat' dir='ltr'><strong>lium</strong></span> <span class='ocrx_word' id='word_1_37' title='bbox 380 1166 548 1225; x_wconf 89' lang='lat' dir='ltr'><strong>nostrarum</strong></span> <span class='ocrx_word' id='word_1_38' title='bbox 572 1161 662 1246; x_wconf 86' lang='lat' dir='ltr'><strong>longe</strong></span> <span class='ocrx_word' id='word_1_39' title='bbox 684 1164 760 1227; x_wconf 86' lang='lat' dir='ltr'><strong>vltra</strong></span> <span class='ocrx_word' id='word_1_40' title='bbox 782 1165 946 1247; x_wconf 82' lang='lat' dir='ltr'><strong>primevam</strong></span> <span class='ocrx_word' id='word_1_41' title='bbox 969 1165 1187 1229; x_wconf 81' lang='lat' dir='ltr'><strong>institucionem</strong></span> <span class='ocrx_word' id='word_1_42' title='bbox 1205 1183 1308 1227; x_wconf 89' lang='lat' dir='ltr'><strong>earum</strong></span> <span class='ocrx_word' id='word_1_43' title='bbox 1329 1162 1405 1228; x_wconf 84' lang='lat' dir='ltr'><strong>adeo</strong></span> <span class='ocrx_word' id='word_1_44' title='bbox 1430 1170 1481 1228; x_wconf 86' lang='lat' dir='ltr'><strong>est</strong></span> 
     </span>
     <span class='ocr_line' id='line_1_8' title="bbox 285 1268 1480 1355; baseline 0.003 -24"><span class='ocrx_word' id='word_1_45' title='bbox 285 1268 465 1341; x_wconf 78' lang='lat' dir='ltr'><strong>effrenatus,</strong></span> <span class='ocrx_word' id='word_1_46' title='bbox 490 1270 569 1353; x_wconf 89' lang='lat' dir='ltr'><strong>quod</strong></span> <span class='ocrx_word' id='word_1_47' title='bbox 585 1275 668 1334; x_wconf 87' lang='lat' dir='ltr'><strong>tante</strong></span> <span class='ocrx_word' id='word_1_48' title='bbox 691 1270 874 1334; x_wconf 79' lang='lat' dir='ltr'><strong>multitudini</strong></span> <span class='ocrx_word' id='word_1_49' title='bbox 895 1271 1056 1355; x_wconf 81' lang='lat' dir='ltr'><strong>providere</strong></span> <span class='ocrx_word' id='word_1_50' title='bbox 1079 1292 1137 1336; x_wconf 85' lang='lat' dir='ltr'><strong>nou</strong></span> <span class='ocrx_word' id='word_1_51' title='bbox 1153 1271 1320 1334; x_wconf 87' lang='lat' dir='ltr'><strong>sullicimua</strong></span> <span class='ocrx_word' id='word_1_52' title='bbox 1335 1274 1365 1334; x_wconf 86' lang='lat' dir='ltr'><strong>lu</strong></span> <span class='ocrx_word' id='word_1_53' title='bbox 1382 1271 1480 1334; x_wconf 86' lang='lat' dir='ltr'><strong>resti·</strong></span> 
     </span>
     <span class='ocr_line' id='line_1_9' title="bbox 276 1375 1479 1462; baseline 0.006 -26"><span class='ocrx_word' id='word_1_54' title='bbox 276 1375 342 1440; x_wconf 77' lang='lat' dir='ltr'><strong>lrus</strong></span> <span class='ocrx_word' id='word_1_55' title='bbox 358 1380 390 1439; x_wconf 91' lang='lat' dir='ltr'><strong>et</strong></span> <span class='ocrx_word' id='word_1_56' title='bbox 406 1380 563 1460; x_wconf 82' lang='lat' dir='ltr'><strong>expensis,</strong></span> <span class='ocrx_word' id='word_1_57' title='bbox 586 1398 683 1461; x_wconf 82' lang='lat' dir='ltr'><strong>ymmo</strong></span> <span class='ocrx_word' id='word_1_58' title='bbox 700 1380 779 1462; x_wconf 92' lang='lat' dir='ltr'><strong>quod</strong></span> <span class='ocrx_word' id='word_1_59' title='bbox 797 1399 951 1444; x_wconf 89' lang='lat' dir='ltr'><strong>numerum</strong></span> <span class='ocrx_word' id='word_1_60' title='bbox 968 1386 1102 1444; x_wconf 89' lang='lat' dir='ltr'><strong>nostrum</strong></span> <span class='ocrx_word' id='word_1_61' title='bbox 1119 1385 1150 1442; x_wconf 89' lang='lat' dir='ltr'><strong>et</strong></span> <span class='ocrx_word' id='word_1_62' title='bbox 1166 1380 1291 1444; x_wconf 81' lang='lat' dir='ltr'><strong>fratrum</strong></span> <span class='ocrx_word' id='word_1_63' title='bbox 1309 1385 1479 1443; x_wconf 86' lang='lat' dir='ltr'><strong>nostrornm</strong></span> 
     </span>
     <span class='ocr_line' id='line_1_10' title="bbox 284 1486 1475 1575; baseline 0.004 -29"><span class='ocrx_word' id='word_1_64' title='bbox 284 1490 408 1568; x_wconf 88' lang='lat' dir='ltr'><strong>propter</strong></span> <span class='ocrx_word' id='word_1_65' title='bbox 422 1486 551 1567; x_wconf 91' lang='lat' dir='ltr'><strong>inopiam</strong></span> <span class='ocrx_word' id='word_1_66' title='bbox 567 1487 704 1569; x_wconf 85' lang='lat' dir='ltr'><strong>cogimur</strong></span> <span class='ocrx_word' id='word_1_67' title='bbox 719 1491 873 1563; x_wconf 78' lang='lat' dir='ltr'><strong>coartare,</strong></span> <span class='ocrx_word' id='word_1_68' title='bbox 897 1489 1038 1553; x_wconf 67' lang='lat' dir='ltr'><strong>marimo</strong></span> <span class='ocrx_word' id='word_1_69' title='bbox 1052 1489 1127 1553; x_wconf 75' lang='lat' dir='ltr'><strong>olum</strong></span> <span class='ocrx_word' id='word_1_70' title='bbox 1141 1487 1300 1575; x_wconf 72' lang='lat' dir='ltr'><strong>hospitum</strong></span> <span class='ocrx_word' id='word_1_71' title='bbox 1315 1495 1346 1552; x_wconf 84' lang='lat' dir='ltr'><strong>et</strong></span> <span class='ocrx_word' id='word_1_72' title='bbox 1360 1494 1475 1552; x_wconf 75' lang='lat' dir='ltr'><strong>extro·</strong></span> 
     </span>
     <span class='ocr_line' id='line_1_11' title="bbox 284 1595 1479 1679; baseline 0.002 -22"><span class='ocrx_word' id='word_1_73' title='bbox 284 1614 414 1657; x_wconf 73' lang='lat' dir='ltr'><strong>neonem</strong></span> <span class='ocrx_word' id='word_1_74' title='bbox 435 1595 727 1679; x_wconf 64' lang='lat' dir='ltr'><strong>superveniendum</strong></span> <span class='ocrx_word' id='word_1_75' title='bbox 741 1597 927 1660; x_wconf 65' lang='lat' dir='ltr'><strong>morositati</strong></span> <span class='ocrx_word' id='word_1_76' title='bbox 940 1604 1007 1662; x_wconf 85' lang='lat' dir='ltr'><strong>toto</strong></span> <span class='ocrx_word' id='word_1_77' title='bbox 1019 1597 1072 1660; x_wconf 83' lang='lat' dir='ltr'><strong>dic</strong></span> <span class='ocrx_word' id='word_1_78' title='bbox 1083 1598 1169 1661; x_wconf 83' lang='lat' dir='ltr'><strong>oltra</strong></span> <span class='ocrx_word' id='word_1_79' title='bbox 1180 1617 1298 1660; x_wconf 77' lang='lat' dir='ltr'><strong>moroso</strong></span> <span class='ocrx_word' id='word_1_80' title='bbox 1309 1602 1342 1660; x_wconf 85' lang='lat' dir='ltr'><strong>ot</strong></span> <span class='ocrx_word' id='word_1_81' title='bbox 1351 1596 1479 1660; x_wconf 84' lang='lat' dir='ltr'><strong>modum</strong></span> 
     </span>
     <span class='ocr_line' id='line_1_12' title="bbox 284 1701 1480 1789; baseline -0.001 -24"><span class='ocrx_word' id='word_1_82' title='bbox 284 1721 343 1765; x_wconf 81' lang='lat' dir='ltr'><strong>nos</strong></span> <span class='ocrx_word' id='word_1_83' title='bbox 368 1702 540 1786; x_wconf 81' lang='lat' dir='ltr'><strong>providere</strong></span> <span class='ocrx_word' id='word_1_84' title='bbox 566 1708 713 1787; x_wconf 83' lang='lat' dir='ltr'><strong>oporteat</strong></span> <span class='ocrx_word' id='word_1_85' title='bbox 739 1723 839 1789; x_wconf 68' lang='lat' dir='ltr'><strong>surpra</strong></span> <span class='ocrx_word' id='word_1_86' title='bbox 865 1704 967 1778; x_wconf 80' lang='lat' dir='ltr'><strong>vires,</strong></span> <span class='ocrx_word' id='word_1_87' title='bbox 998 1703 1060 1767; x_wconf 93' lang='lat' dir='ltr'><strong>Nos</strong></span> <span class='ocrx_word' id='word_1_88' title='bbox 1088 1703 1225 1768; x_wconf 84' lang='lat' dir='ltr'><strong>volentes</strong></span> <span class='ocrx_word' id='word_1_89' title='bbox 1253 1708 1357 1766; x_wconf 82' lang='lat' dir='ltr'><strong>nostre</strong></span> <span class='ocrx_word' id='word_1_90' title='bbox 1383 1701 1480 1784; x_wconf 78' lang='lat' dir='ltr'><strong>quieti</strong></span> 
     </span>
     <span class='ocr_line' id='line_1_13' title="bbox 284 1807 1480 1891; baseline 0.003 -22"><span class='ocrx_word' id='word_1_91' title='bbox 284 1807 454 1891; x_wconf 75' lang='lat' dir='ltr'><strong>prouidere,</strong></span> <span class='ocrx_word' id='word_1_92' title='bbox 472 1809 703 1874; x_wconf 81' lang='lat' dir='ltr'><strong>etMonosterii</strong></span> <span class='ocrx_word' id='word_1_93' title='bbox 715 1811 818 1875; x_wconf 82' lang='lat' dir='ltr'><strong>nostri</strong></span> <span class='ocrx_word' id='word_1_94' title='bbox 832 1812 961 1875; x_wconf 77' lang='lat' dir='ltr'><strong>obstare</strong></span> <span class='ocrx_word' id='word_1_95' title='bbox 975 1815 1085 1882; x_wconf 73' lang='lat' dir='ltr'><strong>ruine,</strong></span> <span class='ocrx_word' id='word_1_96' title='bbox 1102 1809 1266 1873; x_wconf 86' lang='lat' dir='ltr'><strong>Statuimns</strong></span> <span class='ocrx_word' id='word_1_97' title='bbox 1283 1809 1341 1873; x_wconf 83' lang='lat' dir='ltr'><strong>hoc</strong></span> <span class='ocrx_word' id='word_1_98' title='bbox 1353 1808 1480 1874; x_wconf 84' lang='lat' dir='ltr'><strong>decreto</strong></span> 
     </span>
     <span class='ocr_line' id='line_1_14' title="bbox 284 1909 1479 2006; baseline 0.003 -27"><span class='ocrx_word' id='word_1_99' title='bbox 284 1917 502 1999; x_wconf 88' lang='lat' dir='ltr'><strong>imperpetuum</strong></span> <span class='ocrx_word' id='word_1_100' title='bbox 535 1918 679 1989; x_wconf 84' lang='lat' dir='ltr'><strong>valituro.</strong></span> <span class='ocrx_word' id='word_1_101' title='bbox 715 1926 749 1981; x_wconf 83' lang='lat' dir='ltr'><strong>ot</strong></span> <span class='ocrx_word' id='word_1_102' title='bbox 775 1909 953 2006; x_wconf 66' lang='lat' dir='ltr'><strong>collepium&#39;</strong></span> <span class='ocrx_word' id='word_1_103' title='bbox 968 1919 1264 1984; x_wconf 74' lang='lat' dir='ltr'><strong>Soractimonioliom</strong></span> <span class='ocrx_word' id='word_1_104' title='bbox 1296 1925 1479 1982; x_wconf 77' lang='lat' dir='ltr'><strong>nostrorum</strong></span> 
     </span>
     <span class='ocr_line' id='line_1_15' title="bbox 285 2027 1482 2114; baseline 0.001 -25"><span class='ocrx_word' id='word_1_105' title='bbox 285 2047 381 2112; x_wconf 70' lang='lat' dir='ltr'><strong>vopisc</strong></span> <span class='ocrx_word' id='word_1_106' title='bbox 408 2027 452 2090; x_wconf 78' lang='lat' dir='ltr'><strong>ad</strong></span> <span class='ocrx_word' id='word_1_107' title='bbox 469 2027 617 2113; x_wconf 77' lang='lat' dir='ltr'><strong>Tm&#39;pinto</strong></span> <span class='ocrx_word' id='word_1_108' title='bbox 643 2027 778 2092; x_wconf 77' lang='lat' dir='ltr'><strong>derorum</strong></span> <span class='ocrx_word' id='word_1_109' title='bbox 801 2046 1013 2114; x_wconf 76' lang='lat' dir='ltr'><strong>personarum</strong></span> <span class='ocrx_word' id='word_1_110' title='bbox 1051 2048 1212 2093; x_wconf 78' lang='lat' dir='ltr'><strong>monersm</strong></span> <span class='ocrx_word' id='word_1_111' title='bbox 1239 2027 1410 2101; x_wconf 73' lang='lat' dir='ltr'><strong>accendor,</strong></span> <span class='ocrx_word' id='word_1_112' title='bbox 1445 2033 1482 2090; x_wconf 77' lang='lat' dir='ltr'><strong>ct</strong></span> 
     </span>
     <span class='ocr_line' id='line_1_16' title="bbox 284 2132 1480 2217; baseline -0.002 -20"><span class='ocrx_word' id='word_1_113' title='bbox 284 2141 398 2197; x_wconf 82' lang='lat' dir='ltr'><strong>metam</strong></span> <span class='ocrx_word' id='word_1_114' title='bbox 424 2155 481 2197; x_wconf 83' lang='lat' dir='ltr'><strong>scu</strong></span> <span class='ocrx_word' id='word_1_115' title='bbox 507 2155 669 2199; x_wconf 80' lang='lat' dir='ltr'><strong>numerum</strong></span> <span class='ocrx_word' id='word_1_116' title='bbox 698 2134 878 2200; x_wconf 73' lang='lat' dir='ltr'><strong>hoimmodi</strong></span> <span class='ocrx_word' id='word_1_117' title='bbox 906 2158 970 2201; x_wconf 83' lang='lat' dir='ltr'><strong>non</strong></span> <span class='ocrx_word' id='word_1_118' title='bbox 996 2136 1144 2202; x_wconf 70' lang='lat' dir='ltr'><strong>excedat.</strong></span> <span class='ocrx_word' id='word_1_119' title='bbox 1169 2135 1309 2198; x_wconf 79' lang='lat' dir='ltr'><strong>duramus</strong></span> <span class='ocrx_word' id='word_1_120' title='bbox 1336 2153 1411 2217; x_wconf 89' lang='lat' dir='ltr'><strong>ergo</strong></span> <span class='ocrx_word' id='word_1_121' title='bbox 1440 2132 1480 2195; x_wconf 90' lang='lat' dir='ltr'><strong>ad</strong></span> 
     </span>
     <span class='ocr_line' id='line_1_17' title="bbox 285 2239 1479 2325; baseline -0.001 -22"><span class='ocrx_word' id='word_1_122' title='bbox 285 2246 390 2303; x_wconf 82' lang='lat' dir='ltr'><strong>sancta</strong></span> <span class='ocrx_word' id='word_1_123' title='bbox 409 2240 464 2305; x_wconf 87' lang='lat' dir='ltr'><strong>Dei</strong></span> <span class='ocrx_word' id='word_1_124' title='bbox 481 2242 662 2321; x_wconf 82' lang='lat' dir='ltr'><strong>euangelia.</strong></span> <span class='ocrx_word' id='word_1_125' title='bbox 688 2242 766 2325; x_wconf 90' lang='lat' dir='ltr'><strong>quod</strong></span> <span class='ocrx_word' id='word_1_126' title='bbox 785 2241 953 2308; x_wconf 85' lang='lat' dir='ltr'><strong>huiusmodi</strong></span> <span class='ocrx_word' id='word_1_127' title='bbox 971 2242 1122 2307; x_wconf 87' lang='lat' dir='ltr'><strong>Statutum</strong></span> <span class='ocrx_word' id='word_1_128' title='bbox 1138 2240 1353 2306; x_wconf 78' lang='lat' dir='ltr'><strong>inviolabiliter</strong></span> <span class='ocrx_word' id='word_1_129' title='bbox 1369 2239 1479 2304; x_wconf 91' lang='lat' dir='ltr'><strong>obser·</strong></span> 
     </span>
     <span class='ocr_line' id='line_1_18' title="bbox 283 2347 1480 2434; baseline 0 -25"><span class='ocrx_word' id='word_1_130' title='bbox 283 2348 436 2423; x_wconf 76' lang='lat' dir='ltr'><strong>subimus,</strong></span> <span class='ocrx_word' id='word_1_131' title='bbox 473 2369 530 2413; x_wconf 85' lang='lat' dir='ltr'><strong>nee</strong></span> <span class='ocrx_word' id='word_1_132' title='bbox 560 2350 688 2434; x_wconf 79' lang='lat' dir='ltr'><strong>aliquam</strong></span> <span class='ocrx_word' id='word_1_133' title='bbox 717 2349 878 2414; x_wconf 87' lang='lat' dir='ltr'><strong>llonialem</strong></span> <span class='ocrx_word' id='word_1_134' title='bbox 906 2372 943 2414; x_wconf 85' lang='lat' dir='ltr'><strong>er</strong></span> <span class='ocrx_word' id='word_1_135' title='bbox 971 2370 1049 2415; x_wconf 86' lang='lat' dir='ltr'><strong>nune</strong></span> <span class='ocrx_word' id='word_1_136' title='bbox 1076 2351 1106 2413; x_wconf 92' lang='lat' dir='ltr'><strong>in</strong></span> <span class='ocrx_word' id='word_1_137' title='bbox 1134 2356 1221 2413; x_wconf 86' lang='lat' dir='ltr'><strong>autea</strong></span> <span class='ocrx_word' id='word_1_138' title='bbox 1250 2349 1398 2429; x_wconf 77' lang='lat' dir='ltr'><strong>eligemus</strong></span> <span class='ocrx_word' id='word_1_139' title='bbox 1431 2347 1480 2410; x_wconf 88' lang='lat' dir='ltr'><strong>rel</strong></span> 
     </span>
     <span class='ocr_line' id='line_1_19' title="bbox 284 2455 1479 2542; baseline 0.002 -25"><span class='ocrx_word' id='word_1_140' title='bbox 284 2456 481 2539; x_wconf 84' lang='lat' dir='ltr'><strong>recipiemus,</strong></span> <span class='ocrx_word' id='word_1_141' title='bbox 507 2457 562 2519; x_wconf 89' lang='lat' dir='ltr'><strong>nisi</strong></span> <span class='ocrx_word' id='word_1_142' title='bbox 580 2457 616 2521; x_wconf 90' lang='lat' dir='ltr'><strong>ad</strong></span> <span class='ocrx_word' id='word_1_143' title='bbox 639 2464 792 2521; x_wconf 82' lang='lat' dir='ltr'><strong>vacantem</strong></span> <span class='ocrx_word' id='word_1_144' title='bbox 815 2456 1000 2542; x_wconf 80' lang='lat' dir='ltr'><strong>prebendam</strong></span> <span class='ocrx_word' id='word_1_145' title='bbox 1023 2479 1078 2542; x_wconf 90' lang='lat' dir='ltr'><strong>per</strong></span> <span class='ocrx_word' id='word_1_146' title='bbox 1094 2464 1219 2522; x_wconf 84' lang='lat' dir='ltr'><strong>mortem</strong></span> <span class='ocrx_word' id='word_1_147' title='bbox 1237 2458 1322 2522; x_wconf 87' lang='lat' dir='ltr'><strong>rnius</strong></span> <span class='ocrx_word' id='word_1_148' title='bbox 1337 2455 1479 2519; x_wconf 88' lang='lat' dir='ltr'><strong>lllonialis</strong></span> 
     </span>
     <span class='ocr_line' id='line_1_20' title="bbox 288 2563 1482 2652; baseline 0 -26"><span class='ocrx_word' id='word_1_149' title='bbox 288 2564 325 2627; x_wconf 87' lang='lat' dir='ltr'><strong>da</strong></span> <span class='ocrx_word' id='word_1_150' title='bbox 350 2582 473 2628; x_wconf 89' lang='lat' dir='ltr'><strong>numero</strong></span> <span class='ocrx_word' id='word_1_151' title='bbox 490 2564 681 2645; x_wconf 88' lang='lat' dir='ltr'><strong>supradicto,</strong></span> <span class='ocrx_word' id='word_1_152' title='bbox 706 2567 778 2629; x_wconf 86' lang='lat' dir='ltr'><strong>etsi</strong></span> <span class='ocrx_word' id='word_1_153' title='bbox 796 2586 852 2650; x_wconf 89' lang='lat' dir='ltr'><strong>per</strong></span> <span class='ocrx_word' id='word_1_154' title='bbox 867 2586 1046 2652; x_wconf 89' lang='lat' dir='ltr'><strong>quemquam</strong></span> <span class='ocrx_word' id='word_1_155' title='bbox 1069 2566 1236 2649; x_wconf 75' lang='lat' dir='ltr'><strong>peticiones</strong></span> <span class='ocrx_word' id='word_1_156' title='bbox 1258 2563 1345 2628; x_wconf 86' lang='lat' dir='ltr'><strong>uobis</strong></span> <span class='ocrx_word' id='word_1_157' title='bbox 1362 2563 1482 2646; x_wconf 77' lang='lat' dir='ltr'><strong>porrigi</strong></span> 
     </span>
    </p>
   </div>
   <div class='ocr_carea' id='block_1_3' title="bbox 169 2660 1483 2868">
    <p class='ocr_par' dir='ltr' id='par_1_3' title="bbox 169 2660 1483 2868">
     <span class='ocr_line' id='line_1_21' title="bbox 169 2660 1482 2762; baseline 0 -27"><span class='ocrx_word' id='word_1_158' title='bbox 169 2753 171 2762; x_wconf 18' lang='lat' dir='ltr'><em>s</em></span> <span class='ocrx_word' id='word_1_159' title='bbox 286 2672 450 2755; x_wconf 87' lang='lat' dir='ltr'><strong>contigerit</strong></span> <span class='ocrx_word' id='word_1_160' title='bbox 476 2672 523 2737; x_wconf 84' lang='lat' dir='ltr'><strong>rel</strong></span> <span class='ocrx_word' id='word_1_161' title='bbox 548 2660 756 2744; x_wconf 51' lang='lat' dir='ltr'><strong>illandarisvt</strong></span> <span class='ocrx_word' id='word_1_162' title='bbox 772 2680 896 2739; x_wconf 86' lang='lat' dir='ltr'><strong>actenus</strong></span> <span class='ocrx_word' id='word_1_163' title='bbox 914 2677 1029 2739; x_wconf 83' lang='lat' dir='ltr'><strong>exstitit</strong></span> <span class='ocrx_word' id='word_1_164' title='bbox 1045 2677 1268 2758; x_wconf 86' lang='lat' dir='ltr'><strong>attemptatum,</strong></span> <span class='ocrx_word' id='word_1_165' title='bbox 1291 2678 1322 2736; x_wconf 86' lang='lat' dir='ltr'><strong>vt</strong></span> <span class='ocrx_word' id='word_1_166' title='bbox 1338 2671 1482 2756; x_wconf 84' lang='lat' dir='ltr'><strong>aliquam,</strong></span> 
     </span>
     <span class='ocr_line' id='line_1_22' title="bbox 286 2779 1483 2868; baseline 0 -26"><span class='ocrx_word' id='word_1_167' title='bbox 286 2780 333 2843; x_wconf 88' lang='lat' dir='ltr'><strong>vel</strong></span> <span class='ocrx_word' id='word_1_168' title='bbox 358 2781 472 2864; x_wconf 90' lang='lat' dir='ltr'><strong>aliquas</strong></span> <span class='ocrx_word' id='word_1_169' title='bbox 490 2781 631 2852; x_wconf 79' lang='lat' dir='ltr'><strong>seminas,</strong></span> <span class='ocrx_word' id='word_1_170' title='bbox 657 2782 873 2868; x_wconf 88' lang='lat' dir='ltr'><strong>cuiuscumque</strong></span> <span class='ocrx_word' id='word_1_171' title='bbox 896 2787 990 2846; x_wconf 90' lang='lat' dir='ltr'><strong>status</strong></span> <span class='ocrx_word' id='word_1_172' title='bbox 1013 2789 1062 2846; x_wconf 89' lang='lat' dir='ltr'><strong>aut</strong></span> <span class='ocrx_word' id='word_1_173' title='bbox 1086 2781 1273 2846; x_wconf 85' lang='lat' dir='ltr'><strong>condicionis</strong></span> <span class='ocrx_word' id='word_1_174' title='bbox 1301 2780 1410 2844; x_wconf 82' lang='lat' dir='ltr'><strong>existat</strong></span> <span class='ocrx_word' id='word_1_175' title='bbox 1431 2779 1483 2843; x_wconf 88' lang='lat' dir='ltr'><strong>rel</strong></span> 
     </span>
    </p>
   </div>
   <div class='ocr_carea' id='block_1_4' title="bbox 284 2886 1483 4032">
    <p class='ocr_par' dir='ltr' id='par_1_4' title="bbox 284 2886 1483 4032">
     <span class='ocr_line' id='line_1_23' title="bbox 287 2886 1483 2973; baseline -0.003 -20"><span class='ocrx_word' id='word_1_176' title='bbox 287 2889 431 2961; x_wconf 81' lang='lat' dir='ltr'><strong>existant,</strong></span> <span class='ocrx_word' id='word_1_177' title='bbox 457 2910 516 2952; x_wconf 92' lang='lat' dir='ltr'><strong>nou</strong></span> <span class='ocrx_word' id='word_1_178' title='bbox 539 2890 569 2953; x_wconf 91' lang='lat' dir='ltr'><strong>in</strong></span> <span class='ocrx_word' id='word_1_179' title='bbox 592 2889 839 2954; x_wconf 85' lang='lat' dir='ltr'><strong>Sanctimoniales</strong></span> <span class='ocrx_word' id='word_1_180' title='bbox 864 2891 912 2954; x_wconf 84' lang='lat' dir='ltr'><strong>rel</strong></span> <span class='ocrx_word' id='word_1_181' title='bbox 936 2892 1108 2973; x_wconf 80' lang='lat' dir='ltr'><strong>professas,</strong></span> <span class='ocrx_word' id='word_1_182' title='bbox 1133 2889 1238 2952; x_wconf 87' lang='lat' dir='ltr'><strong>sedin</strong></span> <span class='ocrx_word' id='word_1_183' title='bbox 1261 2886 1483 2970; x_wconf 83' lang='lat' dir='ltr'><strong>prebendarius</strong></span> 
     </span>
     <span class='ocr_line' id='line_1_24' title="bbox 286 2993 1482 3082; baseline -0.001 -24"><span class='ocrx_word' id='word_1_184' title='bbox 286 2993 335 3059; x_wconf 84' lang='lat' dir='ltr'><strong>vel</strong></span> <span class='ocrx_word' id='word_1_185' title='bbox 351 2997 556 3079; x_wconf 86' lang='lat' dir='ltr'><strong>porciouarias</strong></span> <span class='ocrx_word' id='word_1_186' title='bbox 573 3017 815 3069; x_wconf 84' lang='lat' dir='ltr'><strong>assumeremus,</strong></span> <span class='ocrx_word' id='word_1_187' title='bbox 832 3000 929 3063; x_wconf 86' lang='lat' dir='ltr'><strong>donee</strong></span> <span class='ocrx_word' id='word_1_188' title='bbox 942 2998 1095 3082; x_wconf 88' lang='lat' dir='ltr'><strong>prebenda</strong></span> <span class='ocrx_word' id='word_1_189' title='bbox 1112 2997 1160 3061; x_wconf 85' lang='lat' dir='ltr'><strong>rel</strong></span> <span class='ocrx_word' id='word_1_190' title='bbox 1175 2995 1280 3079; x_wconf 85' lang='lat' dir='ltr'><strong>porcio</strong></span> <span class='ocrx_word' id='word_1_191' title='bbox 1296 3001 1385 3059; x_wconf 82' lang='lat' dir='ltr'><strong>vacet</strong></span> <span class='ocrx_word' id='word_1_192' title='bbox 1399 2995 1482 3057; x_wconf 86' lang='lat' dir='ltr'><strong>intra</strong></span> 
     </span>
     <span class='ocr_line' id='line_1_25' title="bbox 288 3102 1483 3191; baseline -0.002 -25"><span class='ocrx_word' id='word_1_193' title='bbox 288 3123 444 3167; x_wconf 89' lang='lat' dir='ltr'><strong>numerum</strong></span> <span class='ocrx_word' id='word_1_194' title='bbox 461 3106 505 3168; x_wconf 88' lang='lat' dir='ltr'><strong>sic</strong></span> <span class='ocrx_word' id='word_1_195' title='bbox 523 3111 683 3178; x_wconf 88' lang='lat' dir='ltr'><strong>statutum,</strong></span> <span class='ocrx_word' id='word_1_196' title='bbox 698 3107 870 3171; x_wconf 80' lang='lat' dir='ltr'><strong>duravimus</strong></span> <span class='ocrx_word' id='word_1_197' title='bbox 886 3107 1025 3191; x_wconf 85' lang='lat' dir='ltr'><strong>predicto</strong></span> <span class='ocrx_word' id='word_1_198' title='bbox 1041 3105 1145 3175; x_wconf 89' lang='lat' dir='ltr'><strong>modo,</strong></span> <span class='ocrx_word' id='word_1_199' title='bbox 1170 3102 1313 3166; x_wconf 83' lang='lat' dir='ltr'><strong>videlicet</strong></span> <span class='ocrx_word' id='word_1_200' title='bbox 1326 3102 1362 3167; x_wconf 88' lang='lat' dir='ltr'><strong>ad</strong></span> <span class='ocrx_word' id='word_1_201' title='bbox 1375 3110 1483 3166; x_wconf 86' lang='lat' dir='ltr'><strong>sancta</strong></span> 
     </span>
     <span class='ocr_line' id='line_1_26' title="bbox 286 3212 1477 3297; baseline -0.002 -23"><span class='ocrx_word' id='word_1_202' title='bbox 286 3213 342 3275; x_wconf 87' lang='lat' dir='ltr'><strong>Dei</strong></span> <span class='ocrx_word' id='word_1_203' title='bbox 359 3213 541 3294; x_wconf 81' lang='lat' dir='ltr'><strong>euangelia,</strong></span> <span class='ocrx_word' id='word_1_204' title='bbox 558 3216 737 3297; x_wconf 90' lang='lat' dir='ltr'><strong>peticionem</strong></span> <span class='ocrx_word' id='word_1_205' title='bbox 754 3216 923 3279; x_wconf 84' lang='lat' dir='ltr'><strong>huiusmodi</strong></span> <span class='ocrx_word' id='word_1_206' title='bbox 940 3216 987 3279; x_wconf 88' lang='lat' dir='ltr'><strong>rel</strong></span> <span class='ocrx_word' id='word_1_207' title='bbox 1001 3213 1087 3277; x_wconf 88' lang='lat' dir='ltr'><strong>aliam</strong></span> <span class='ocrx_word' id='word_1_208' title='bbox 1100 3212 1156 3276; x_wconf 87' lang='lat' dir='ltr'><strong>sub</strong></span> <span class='ocrx_word' id='word_1_209' title='bbox 1173 3230 1359 3295; x_wconf 88' lang='lat' dir='ltr'><strong>quacumque</strong></span> <span class='ocrx_word' id='word_1_210' title='bbox 1377 3212 1477 3273; x_wconf 83' lang='lat' dir='ltr'><strong>torma</strong></span> 
     </span>
     <span class='ocr_line' id='line_1_27' title="bbox 284 3317 1478 3406; baseline -0.002 -24"><span class='ocrx_word' id='word_1_211' title='bbox 284 3319 446 3384; x_wconf 81' lang='lat' dir='ltr'><strong>verborum</strong></span> <span class='ocrx_word' id='word_1_212' title='bbox 469 3329 659 3405; x_wconf 84' lang='lat' dir='ltr'><strong>conceptam,</strong></span> <span class='ocrx_word' id='word_1_213' title='bbox 683 3343 740 3406; x_wconf 90' lang='lat' dir='ltr'><strong>per</strong></span> <span class='ocrx_word' id='word_1_214' title='bbox 763 3342 851 3406; x_wconf 84' lang='lat' dir='ltr'><strong>quam</strong></span> <span class='ocrx_word' id='word_1_215' title='bbox 872 3343 911 3386; x_wconf 90' lang='lat' dir='ltr'><strong>ne</strong></span> <span class='ocrx_word' id='word_1_216' title='bbox 933 3323 1001 3386; x_wconf 87' lang='lat' dir='ltr'><strong>dum</strong></span> <span class='ocrx_word' id='word_1_217' title='bbox 1026 3330 1130 3386; x_wconf 86' lang='lat' dir='ltr'><strong>contra</strong></span> <span class='ocrx_word' id='word_1_218' title='bbox 1156 3318 1265 3390; x_wconf 83' lang='lat' dir='ltr'><strong>uerba,</strong></span> <span class='ocrx_word' id='word_1_219' title='bbox 1298 3317 1353 3382; x_wconf 91' lang='lat' dir='ltr'><strong>sed</strong></span> <span class='ocrx_word' id='word_1_220' title='bbox 1377 3319 1478 3382; x_wconf 90' lang='lat' dir='ltr'><strong>eciam</strong></span> 
     </span>
     <span class='ocr_line' id='line_1_28' title="bbox 285 3426 1481 3513; baseline -0.002 -22"><span class='ocrx_word' id='word_1_221' title='bbox 285 3435 389 3491; x_wconf 87' lang='lat' dir='ltr'><strong>eontra</strong></span> <span class='ocrx_word' id='word_1_222' title='bbox 410 3433 538 3491; x_wconf 89' lang='lat' dir='ltr'><strong>mentem</strong></span> <span class='ocrx_word' id='word_1_223' title='bbox 559 3430 713 3513; x_wconf 86' lang='lat' dir='ltr'><strong>presentis</strong></span> <span class='ocrx_word' id='word_1_224' title='bbox 734 3430 828 3494; x_wconf 85' lang='lat' dir='ltr'><strong>nostri</strong></span> <span class='ocrx_word' id='word_1_225' title='bbox 851 3429 953 3493; x_wconf 87' lang='lat' dir='ltr'><strong>statuti</strong></span> <span class='ocrx_word' id='word_1_226' title='bbox 975 3430 1094 3493; x_wconf 89' lang='lat' dir='ltr'><strong>directe</strong></span> <span class='ocrx_word' id='word_1_227' title='bbox 1110 3428 1156 3493; x_wconf 86' lang='lat' dir='ltr'><strong>rel</strong></span> <span class='ocrx_word' id='word_1_228' title='bbox 1178 3426 1330 3491; x_wconf 87' lang='lat' dir='ltr'><strong>indirecte</strong></span> <span class='ocrx_word' id='word_1_229' title='bbox 1350 3445 1481 3509; x_wconf 88' lang='lat' dir='ltr'><strong>quomo-</strong></span> 
     </span>
     <span class='ocr_line' id='line_1_29' title="bbox 285 3534 1478 3620; baseline -0.001 -23"><span class='ocrx_word' id='word_1_230' title='bbox 285 3535 399 3599; x_wconf 86' lang='lat' dir='ltr'><strong>dolibet</strong></span> <span class='ocrx_word' id='word_1_231' title='bbox 415 3537 581 3608; x_wconf 75' lang='lat' dir='ltr'><strong>ueniretur,</strong></span> <span class='ocrx_word' id='word_1_232' title='bbox 605 3556 661 3620; x_wconf 92' lang='lat' dir='ltr'><strong>per</strong></span> <span class='ocrx_word' id='word_1_233' title='bbox 682 3557 738 3599; x_wconf 89' lang='lat' dir='ltr'><strong>nos</strong></span> <span class='ocrx_word' id='word_1_234' title='bbox 754 3537 942 3620; x_wconf 88' lang='lat' dir='ltr'><strong>aliquatenus</strong></span> <span class='ocrx_word' id='word_1_235' title='bbox 965 3559 1023 3601; x_wconf 91' lang='lat' dir='ltr'><strong>uon</strong></span> <span class='ocrx_word' id='word_1_236' title='bbox 1047 3537 1171 3600; x_wconf 85' lang='lat' dir='ltr'><strong>admitti.</strong></span> <span class='ocrx_word' id='word_1_237' title='bbox 1196 3534 1240 3599; x_wconf 79' lang='lat' dir='ltr'><strong>sd</strong></span> <span class='ocrx_word' id='word_1_238' title='bbox 1263 3534 1348 3598; x_wconf 90' lang='lat' dir='ltr'><strong>cuius</strong></span> <span class='ocrx_word' id='word_1_239' title='bbox 1370 3535 1478 3597; x_wconf 87' lang='lat' dir='ltr'><strong>statuti</strong></span> 
     </span>
     <span class='ocr_line' id='line_1_30' title="bbox 285 3631 1478 3728; baseline -0.003 -21"><span class='ocrx_word' id='word_1_240' title='bbox 285 3643 511 3707; x_wconf 82' lang='lat' dir='ltr'><strong>observanciam</strong></span> <span class='ocrx_word' id='word_1_241' title='bbox 538 3663 736 3708; x_wconf 88' lang='lat' dir='ltr'><strong>successores</strong></span> <span class='ocrx_word' id='word_1_242' title='bbox 759 3650 879 3708; x_wconf 91' lang='lat' dir='ltr'><strong>nostros</strong></span> <span class='ocrx_word' id='word_1_243' title='bbox 904 3652 935 3707; x_wconf 91' lang='lat' dir='ltr'><strong>et</strong></span> <span class='ocrx_word' id='word_1_244' title='bbox 957 3652 1099 3728; x_wconf 89' lang='lat' dir='ltr'><strong>posteros</strong></span> <span class='ocrx_word' id='word_1_245' title='bbox 1122 3631 1300 3724; x_wconf 81' lang='lat' dir='ltr'><strong>obligamus.</strong></span> <span class='ocrx_word' id='word_1_246' title='bbox 1332 3641 1364 3704; x_wconf 92' lang='lat' dir='ltr'><strong>ln</strong></span> <span class='ocrx_word' id='word_1_247' title='bbox 1387 3643 1478 3704; x_wconf 89' lang='lat' dir='ltr'><strong>cuius</strong></span> 
     </span>
     <span class='ocr_line' id='line_1_31' title="bbox 284 3748 1479 3835; baseline -0.004 -19"><span class='ocrx_word' id='word_1_248' title='bbox 284 3753 330 3816; x_wconf 90' lang='lat' dir='ltr'><strong>rei</strong></span> <span class='ocrx_word' id='word_1_249' title='bbox 351 3751 554 3816; x_wconf 85' lang='lat' dir='ltr'><strong>testimouium</strong></span> <span class='ocrx_word' id='word_1_250' title='bbox 581 3760 741 3835; x_wconf 90' lang='lat' dir='ltr'><strong>presentes</strong></span> <span class='ocrx_word' id='word_1_251' title='bbox 768 3754 814 3815; x_wconf 88' lang='lat' dir='ltr'><strong>eis</strong></span> <span class='ocrx_word' id='word_1_252' title='bbox 842 3752 908 3815; x_wconf 88' lang='lat' dir='ltr'><strong>dari</strong></span> <span class='ocrx_word' id='word_1_253' title='bbox 935 3752 1086 3817; x_wconf 87' lang='lat' dir='ltr'><strong>dussimus</strong></span> <span class='ocrx_word' id='word_1_254' title='bbox 1113 3752 1229 3815; x_wconf 88' lang='lat' dir='ltr'><strong>litteras</strong></span> <span class='ocrx_word' id='word_1_255' title='bbox 1258 3749 1352 3812; x_wconf 89' lang='lat' dir='ltr'><strong>nostri</strong></span> <span class='ocrx_word' id='word_1_256' title='bbox 1380 3748 1479 3832; x_wconf 91' lang='lat' dir='ltr'><strong>sigilli</strong></span> 
     </span>
     <span class='ocr_line' id='line_1_32' title="bbox 285 3856 1478 3945; baseline -0.003 -23"><span class='ocrx_word' id='word_1_257' title='bbox 285 3861 468 3945; x_wconf 87' lang='lat' dir='ltr'><strong>appensione</strong></span> <span class='ocrx_word' id='word_1_258' title='bbox 495 3860 632 3922; x_wconf 87' lang='lat' dir='ltr'><strong>munitos.</strong></span> <span class='ocrx_word' id='word_1_259' title='bbox 667 3860 772 3922; x_wconf 85' lang='lat' dir='ltr'><strong>Datum</strong></span> <span class='ocrx_word' id='word_1_260' title='bbox 793 3861 928 3925; x_wconf 77' lang='lat' dir='ltr'><strong>Potooie</strong></span> <span class='ocrx_word' id='word_1_261' title='bbox 950 3861 1061 3923; x_wconf 87' lang='lat' dir='ltr'><strong>Tercio</strong></span> <span class='ocrx_word' id='word_1_262' title='bbox 1084 3858 1232 3923; x_wconf 83' lang='lat' dir='ltr'><strong>Kalendas</strong></span> <span class='ocrx_word' id='word_1_263' title='bbox 1257 3856 1362 3922; x_wconf 84' lang='lat' dir='ltr'><strong>llureii</strong></span> <span class='ocrx_word' id='word_1_264' title='bbox 1390 3858 1478 3919; x_wconf 78' lang='lat' dir='ltr'><strong>Anno</strong></span> 
     </span>
     <span class='ocr_line' id='line_1_33' title="bbox 285 3968 904 4032; baseline 0 -2"><span class='ocrx_word' id='word_1_265' title='bbox 285 3968 401 4031; x_wconf 85' lang='lat' dir='ltr'><strong>Domini</strong></span> <span class='ocrx_word' id='word_1_266' title='bbox 418 3968 465 4029; x_wconf 77' lang='lat' dir='ltr'><strong>ll⁰</strong></span> <span class='ocrx_word' id='word_1_267' title='bbox 479 3968 708 4032; x_wconf 86' lang='lat' dir='ltr'><strong>Trecentesimo</strong></span> <span class='ocrx_word' id='word_1_268' title='bbox 725 3968 904 4031; x_wconf 78' lang='lat' dir='ltr'><strong>Tricesimo.</strong></span> 
     </span>
    </p>
   </div>
   <div class='ocr_carea' id='block_1_5' title="bbox 286 4139 1478 4267">
    <p class='ocr_par' dir='ltr' id='par_1_5' title="bbox 286 4139 1478 4267">
     <span class='ocr_line' id='line_1_34' title="bbox 393 4139 1478 4199; baseline -0.006 -15"><span class='ocrx_word' id='word_1_269' title='bbox 393 4145 450 4194; x_wconf 87' lang='lat' dir='ltr'><strong>Orig.</strong></span> <span class='ocrx_word' id='word_1_270' title='bbox 467 4146 527 4195; x_wconf 81' lang='lat' dir='ltr'><strong>Perg.</strong></span> <span class='ocrx_word' id='word_1_271' title='bbox 543 4144 606 4198; x_wconf 70' lang='grc' dir='ltr'>(Περ.</span> <span class='ocrx_word' id='word_1_272' title='bbox 618 4145 660 4184; x_wconf 76' lang='lat' dir='ltr'><strong>Vel.</strong></span> <span class='ocrx_word' id='word_1_273' title='bbox 672 4147 706 4184; x_wconf 67' lang='grc' dir='ltr'><strong>Νι.</strong></span> <span class='ocrx_word' id='word_1_274' title='bbox 717 4147 737 4184; x_wconf 89' lang='lat' dir='ltr'><strong>s.</strong></span> <span class='ocrx_word' id='word_1_275' title='bbox 749 4146 786 4184; x_wconf 84' lang='lat' dir='ltr'><strong>tol.</strong></span> <span class='ocrx_word' id='word_1_276' title='bbox 797 4145 837 4199; x_wconf 72' lang='grc'><strong>38)</strong></span> <span class='ocrx_word' id='word_1_277' title='bbox 853 4145 892 4183; x_wconf 85' lang='lat' dir='ltr'><strong>und</strong></span> <span class='ocrx_word' id='word_1_278' title='bbox 902 4143 1048 4183; x_wconf 72' lang='lat' dir='ltr'><strong>chartularium</strong></span> <span class='ocrx_word' id='word_1_279' title='bbox 1063 4143 1142 4182; x_wconf 73' lang='lat' dir='ltr'><strong>,lrolriri</strong></span> <span class='ocrx_word' id='word_1_280' title='bbox 1160 4143 1193 4181; x_wconf 90' lang='lat' dir='ltr'><strong>lll.</strong></span> <span class='ocrx_word' id='word_1_281' title='bbox 1204 4142 1240 4181; x_wconf 85' lang='lat' dir='ltr'><strong>tol.</strong></span> <span class='ocrx_word' id='word_1_282' title='bbox 1253 4140 1299 4180; x_wconf 73' lang='lat' dir='ltr'><strong>tir.</strong></span> <span class='ocrx_word' id='word_1_283' title='bbox 1317 4152 1335 4180; x_wconf 80' lang='lat' dir='ltr'><strong>a.</strong></span> <span class='ocrx_word' id='word_1_284' title='bbox 1352 4141 1392 4180; x_wconf 78' lang='lat' dir='ltr'><strong>Du</strong></span> <span class='ocrx_word' id='word_1_285' title='bbox 1403 4139 1478 4192; x_wconf 69' lang='lat' dir='ltr'><strong>§leget</strong></span> 
     </span>
     <span class='ocr_line' id='line_1_35' title="bbox 286 4215 799 4267; baseline 0 -12"><span class='ocrx_word' id='word_1_286' title='bbox 286 4215 375 4255; x_wconf 77' lang='lat' dir='ltr'><strong>Albert&#39;s</strong></span> <span class='ocrx_word' id='word_1_287' title='bbox 390 4215 453 4267; x_wconf 73' lang='lat' dir='ltr'><strong>birgt</strong></span> <span class='ocrx_word' id='word_1_288' title='bbox 468 4229 492 4254; x_wconf 78' lang='lat' dir='ltr'><strong>su</strong></span> <span class='ocrx_word' id='word_1_289' title='bbox 507 4216 570 4255; x_wconf 77' lang='lat' dir='ltr'><strong>risen</strong></span> <span class='ocrx_word' id='word_1_290' title='bbox 585 4218 799 4266; x_wconf 60' lang='lat' dir='ltr'><strong>respuens-ursiton.</strong></span> 
     </span>
    </p>
   </div>
   <div class='ocr_carea' id='block_1_6' title="bbox 285 4329 1482 4590">
    <p class='ocr_par' dir='ltr' id='par_1_6' title="bbox 285 4329 1482 4590">
     <span class='ocr_line' id='line_1_36' title="bbox 394 4329 1482 4398; baseline -0.002 -4"><span class='ocrx_word' id='word_1_291' title='bbox 394 4344 481 4396; x_wconf 87' lang='lat' dir='ltr'><strong>Schon</strong></span> <span class='ocrx_word' id='word_1_292' title='bbox 489 4344 517 4396; x_wconf 85' lang='lat' dir='ltr'><strong>P.</strong></span> <span class='ocrx_word' id='word_1_293' title='bbox 525 4344 652 4397; x_wconf 81' lang='lat' dir='ltr'><strong>lnuocenr</strong></span> <span class='ocrx_word' id='word_1_294' title='bbox 660 4342 780 4397; x_wconf 69' lang='lat' dir='ltr'><strong>lvnauo</strong></span> <span class='ocrx_word' id='word_1_295' title='bbox 793 4344 863 4396; x_wconf 74' lang='lat'><strong>1253</strong></span> <span class='ocrx_word' id='word_1_296' title='bbox 876 4343 918 4395; x_wconf 87' lang='lat' dir='ltr'><strong>die</strong></span> <span class='ocrx_word' id='word_1_297' title='bbox 931 4342 1027 4394; x_wconf 78' lang='lat' dir='ltr'><strong>durshl</strong></span> <span class='ocrx_word' id='word_1_298' title='bbox 1042 4340 1090 4393; x_wconf 88' lang='lat' dir='ltr'><strong>der</strong></span> <span class='ocrx_word' id='word_1_299' title='bbox 1102 4339 1209 4391; x_wconf 88' lang='lat' dir='ltr'><strong>Nonnen</strong></span> <span class='ocrx_word' id='word_1_300' title='bbox 1219 4337 1394 4398; x_wconf 73' lang='lat' dir='ltr'><strong>hoseumont,</strong></span> <span class='ocrx_word' id='word_1_301' title='bbox 1408 4329 1482 4392; x_wconf 77' lang='lat' dir='ltr'><strong>dccli</strong></span> 
     </span>
     <span class='ocr_line' id='line_1_37' title="bbox 285 4425 1482 4503; baseline -0.003 -20"><span class='ocrx_word' id='word_1_302' title='bbox 285 4432 494 4503; x_wconf 80' lang='lat' dir='ltr'><strong>Emptelrlungen</strong></span> <span class='ocrx_word' id='word_1_303' title='bbox 508 4433 560 4486; x_wconf 85' lang='lat' dir='ltr'><strong>und</strong></span> <span class='ocrx_word' id='word_1_304' title='bbox 574 4433 681 4486; x_wconf 82' lang='lat' dir='ltr'><strong>Beielrlc</strong></span> <span class='ocrx_word' id='word_1_305' title='bbox 703 4425 795 4486; x_wconf 84' lang='lat' dir='ltr'><strong>llalteu</strong></span> <span class='ocrx_word' id='word_1_306' title='bbox 814 4434 869 4485; x_wconf 84' lang='lat' dir='ltr'><strong>ihre</strong></span> <span class='ocrx_word' id='word_1_307' title='bbox 883 4432 981 4485; x_wconf 76' lang='lat' dir='ltr'><strong>Aurelii</strong></span> <span class='ocrx_word' id='word_1_308' title='bbox 1003 4431 1027 4483; x_wconf 90' lang='lat' dir='ltr'><strong>in</strong></span> <span class='ocrx_word' id='word_1_309' title='bbox 1042 4430 1090 4482; x_wconf 86' lang='lat' dir='ltr'><strong>der</strong></span> <span class='ocrx_word' id='word_1_310' title='bbox 1111 4427 1251 4496; x_wconf 74' lang='lat' dir='ltr'><strong>folgenden</strong></span> <span class='ocrx_word' id='word_1_311' title='bbox 1265 4428 1322 4480; x_wconf 89' lang='lat' dir='ltr'><strong>Zeit</strong></span> <span class='ocrx_word' id='word_1_312' title='bbox 1341 4428 1482 4496; x_wconf 86' lang='lat' dir='ltr'><strong>ungemeiu</strong></span> 
     </span>
     <span class='ocr_line' id='line_1_38' title="bbox 285 4511 1481 4590; baseline -0.003 -14"><span class='ocrx_word' id='word_1_313' title='bbox 285 4522 433 4590; x_wconf 80' lang='lat' dir='ltr'><strong>vermehrt;</strong></span> <span class='ocrx_word' id='word_1_314' title='bbox 446 4521 545 4577; x_wconf 88' lang='lat' dir='ltr'><strong>diesem</strong></span> <span class='ocrx_word' id='word_1_315' title='bbox 558 4511 719 4579; x_wconf 82' lang='lat' dir='ltr'><strong>Ubelstonde</strong></span> <span class='ocrx_word' id='word_1_316' title='bbox 732 4523 821 4577; x_wconf 86' lang='lat' dir='ltr'><strong>helien</strong></span> <span class='ocrx_word' id='word_1_317' title='bbox 834 4522 945 4575; x_wconf 82' lang='lat' dir='ltr'><strong>Bisolrol</strong></span> <span class='ocrx_word' id='word_1_318' title='bbox 955 4520 1007 4574; x_wconf 87' lang='lat' dir='ltr'><strong>und</strong></span> <span class='ocrx_word' id='word_1_319' title='bbox 1021 4521 1118 4590; x_wconf 87' lang='lat' dir='ltr'><strong>Propst</strong></span> <span class='ocrx_word' id='word_1_320' title='bbox 1131 4518 1214 4572; x_wconf 87' lang='lat' dir='ltr'><strong>durclr</strong></span> <span class='ocrx_word' id='word_1_321' title='bbox 1229 4517 1317 4572; x_wconf 83' lang='lat' dir='ltr'><strong>dieses</strong></span> <span class='ocrx_word' id='word_1_322' title='bbox 1331 4516 1425 4572; x_wconf 72' lang='lat' dir='ltr'><strong>setus</strong></span> <span class='ocrx_word' id='word_1_323' title='bbox 1439 4519 1481 4572; x_wconf 84' lang='lat' dir='ltr'><strong>sb.</strong></span> 
     </span>
    </p>
   </div>
   <div class='ocr_carea' id='block_1_7' title="bbox 0 0 1628 5350">
    <p class='ocr_par' dir='ltr' id='par_1_7' title="bbox 0 0 1628 5350">
     <span class='ocr_line' id='line_1_39' title="bbox 0 0 1628 5350; baseline 0 0"><span class='ocrx_word' id='word_1_324' title='bbox 0 0 1628 5350; x_wconf 95' lang='lat' dir='ltr'><strong> </strong></span> 
     </span>
    </p>
   </div>
  </div>
 </body>
</html>
