3242 5350
1230 520 1305 593 109

128 686 196 741 nieht
208 687 236 740 in
249 687 298 742 der
309 688 427 744 Rubrii:
449 690 570 756 „Fratres
584 695 611 745 et
623 690 764 754 Sororee“,
783 692 894 747 eundern
909 693 934 747 in
948 693 997 747 der
1008 692 1120 748 Rubrii:
1140 694 1307 760 „Familiares

128 779 222 832 nostri‘
241 797 284 833 am
300 781 327 833 7.
340 781 411 835 tuti:
430 781 621 847 Weehernudue
642 783 768 838 Piebenus
788 785 835 839 eei.
856 785 926 839 Loci.
946 786 979 838 ir.
1001 802 1039 838 nr.
1053 784 1245 839 deditiinesm.
1270 787 1306 840 Er

127 886 176 922 ear
195 870 251 924 also
271 869 334 924 kein
353 871 559 943 Stiitspriester‚
583 891 637 926 wne
656 891 685 927 er
703 874 797 945 gewiee
814 874 886 929 aare
904 876 960 929 sein
977 880 1093 938 minen,
1119 893 1192 928 wenn
1213 892 1242 929 er
1259 877 1307 929 der

126 960 285 1032 Naehioiger
297 963 443 1017 Heinrieh’s
456 970 542 1026 ware,
562 965 595 1019 da
615 965 661 1018 dne
681 965 745 1019 Stiit
763 966 810 1020 das
830 984 859 1020 eo
880 967 1050 1038 sehnstichtig
1062 968 1232 1036 angestrebte
1253 967 1305 1021 und

126 1053 227 1106 endiieh
245 1054 369 1125 erlangte
388 1057 472 1109 Reeht
490 1057 583 1125 gewiss
605 1057 676 1110 nieht
698 1058 840 1112 unbenetzt
863 1058 986 1128 geinssen
1009 1058 1090 1113 butte.
1118 1059 1204 1113 Daher
1218 1059 1305 1112 diariis

125 1143 170 1197 ier
182 1144 297 1199 Schinae
309 1146 380 1201 vohi
393 1164 425 1200 ru
438 1144 630 1216 reehtiertigen
642 1148 707 1210 sein,
724 1149 785 1203 dass
798 1148 874 1203 hetdo
886 1150 1038 1204 hemeriten
1051 1150 1155 1204 Piarrer
1166 1150 1306 1220 eigentlirh

124 1253 173 1288 nur
196 1237 256 1290 eine
279 1238 378 1292 Person
400 1239 472 1303 sind,
500 1240 612 1294 numlieh
633 1237 764 1304 Heinrich,
786 1241 834 1295 der
855 1242 902 1295 mit
923 1240 1020 1295 seinem
1041 1241 1306 1296 Gesehiechtsnomen

123 1327 296 1383 Warhsnruth
314 1330 394 1384 hiess.
428 1330 475 1384 Ein
494 1330 626 1385 thuliehee
644 1332 757 1404 Beispiei
776 1332 857 1387 findet
876 1332 932 1386 sich
949 1334 991 1386 bei
1010 1332 1102 1387 flensin
1125 1334 1213 1387 Germ.
1229 1350 1305 1387 saera

122 1418 196 1473 Tem.
217 1421 250 1474 11.
276 1437 338 1492 pag.
356 1422 425 1486 241,
449 1440 489 1475 wo
509 1422 557 1476 der
576 1422 752 1496 Grosspropst
775 1442 825 1478 von
849 1424 979 1494 salzburg
1003 1425 1065 1479 haid
1087 1424 1213 1488 Severus,
1244 1425 1304 1477 nala

123 1509 231 1565 Gcbeno
245 1514 362 1580 genennt
374 1512 448 1566 vird.

216 1604 273 1656 Der
290 1604 350 1658 hier
365 1605 568 1659 rorkommende
592 1605 687 1675 Propst
711 1604 801 1660 Uirich
826 1622 874 1660 ron
900 1606 939 1661 St
965 1607 1087 1662 Nicotaus
1111 1606 1146 1661 ist
1170 1605 1259 1662 Uirieh
1275 1607 1306 1661 ΙΙ.

123 1693 314 1750 rear-1321.
334 1693 419 1767 (iton.
432 1695 512 1751 Boion
525 1696 564 1751 lV.
577 1695 656 1769 217.)
1123 1694 1127 1703 '

649 1860 787 1941 CXVII.

121 2020 228 2076 neom
251 2020 302 2077 eles
327 2021 470 2078 Peccauer
487 2022 678 2098 Domeops'tele
701 2023 773 2078 aber
794 2023 842 2079 die
860 2023 917 2077 ibor
935 2022 1064 2078 ertbeitte
1082 2022 1305 2103 Zebeatfreibeit

165 2121 168 2124 ’
423 2113 474 2170 der
496 2115 680 2186 Weiaparten
697 2131 735 2169 au
754 2114 1003 2185 Klortemeubarp.

496 2241 554 2296 Dat.
573 2242 669 2297 Pescen
683 2241 727 2296 17.
738 2241 843 2320 August
854 2242 933 2297 reat.

212 2370 277 2434 Nos
316 2370 481 2454 (letfridus
509 2372 563 2435 dei
588 2372 702 2459 gracia
726 2371 925 2459 prepositae,
961 2370 1134 2456 Wolslterue
1166 2371 1304 2441 decanus

123 2480 294 2568 Patremque
317 2480 495 2567 Capitulum
522 2480 718 2547 Pataoicaeie
746 2481 878 2546 ecclesie
893 2479 1066 2565 profitemur
1087 2479 1243 2551 universis,
1265 2479 1303 2543 ad

122 2607 196 2672 qnos
212 2590 391 2673 pervenerit
413 2610 539 2673 presens
562 2590 717 2674 seriptum,
738 2590 817 2676 quod
838 2609 904 2654 cum
925 2587 1111 2655 venerabiles
1133 2588 1163 2651 in
1185 2587 1304 2651 Christo

123 2698 234 2762 tratres
258 2702 404 2766 domiuus
420 2698 628 2765 Percbtoldae
645 2702 830 2788 prepositus
852 2706 993 2787 tetraque
1009 2708 1176 2766 conventas
1190 2699 1304 2764 Neroa-

121 2809 288 2896 burgeneie
304 2810 436 2875 ecclesie
450 2809 486 2874 ia
502 2809 626 2896 ciprum
643 2808 914 2893 coosratemitatie
929 2815 959 2872 et
979 2809 1207 2893 mosamitatie
1221 2808 1304 2873 inter

120 2941 174 2982 aas
190 2927 223 2982 et
238 2941 294 2983 eae
309 2919 390 2983 inite
405 2918 581 2983 liberaliter
596 2919 818 2985 relaxaverint
832 2919 921 2983 nobie
936 2919 1073 2984 decimae
1088 2919 1127 2983 de
1144 2919 1244 2984 elaea
1259 2920 1304 2983 ad

120 3048 281 3093 comunem
288 3028 484 3115 prebendam
497 3035 635 3094 mearam
646 3028 868 3116 spectantibus,
884 3027 1025 3092 videlicet
1039 3027 1134 3092 tribus
1144 3027 1301 3112 jugeribus

121 3137 153 3200 ia
167 3139 375 3225 weingraben
391 3143 422 3201 et
439 3137 559 3200 dimidio
575 3137 681 3220 ingere
697 3139 732 3202 ia
747 3137 977 3225 Mittmmpeant
991 3156 1046 3200 nec
1058 3157 1115 3201 non
1128 3157 1184 3200 vno
1196 3137 1300 3218 ingere

123 3251 152 3309 et
171 3246 297 3311 dimidio
322 3248 352 3311 in
374 3247 515 3335 Gebling,
542 3265 600 3330 que
621 3247 741 3331 quidem
763 3245 881 3311 decime
902 3245 1069 3311 debuerunt
1092 3247 1136 3310 eis
1153 3246 1299 3309 annuatim

121 3353 156 3419 be
169 3357 339 3440 prenotatis
361 3354 456 3419 uineis
474 3349 625 3428 decimari,
643 3377 696 3420 nos
713 3375 771 3419 nec
788 3358 973 3419 immemores
995 3375 1051 3419 nec
1072 3355 1182 3438 ingrati
1203 3352 1298 3419 bene·

123 3462 246 3528 ficencie
270 3484 373 3529 eorum
397 3467 526 3529 existere
549 3463 714 3549 cupientes,
740 3466 785 3527 eis
806 3465 1028 3550 repromisimus
1050 3468 1081 3528 et
1102 3463 1139 3527 ad
1161 3463 1218 3527 hoc
1242 3484 1296 3527 nos

122 3572 318 3654 obligavimus
328 3574 407 3638 bona
419 3574 488 3646 tide,
502 3573 580 3660 quod
593 3576 619 3637 si
632 3573 736 3638 eedem
749 3574 837 3637 vinee
849 3594 1036 3660 quocumque
1049 3574 1136 3638 modo
1150 3572 1196 3637 rei
1209 3578 1297 3657 pacto

123 3680 276 3746 adraanus
292 3684 468 3747 transierint
485 3684 626 3755 eliorum,
648 3683 694 3747 ius
707 3682 843 3746 solvendi
859 3681 1027 3747 huiusmodi
1044 3681 1175 3746 decimas
1192 3681 1227 3746 ad
1246 3703 1299 3745 eos

122 3796 150 3852 et
164 3790 328 3855 ecelesiam
351 3813 453 3858 eorum
473 3792 592 3876 integre
607 3796 785 3860 revertatur,
808 3791 947 3877 quodque
969 3790 1066 3856 nullus
1088 3812 1297 3856 successorum

124 3905 290 3965 nostrorum
314 3901 464 3966 abutendo
482 3902 595 3984 gracia
619 3921 678 3986 que
695 3900 779 3964 nohis
794 3900 825 3963 in
841 3907 997 3984 prenotata
1010 3901 1196 3965 reianaeione
1213 3902 1297 3965 iece-

122 4014 199 4081 runt,
211 4010 384 4074 vendicabit
400 4009 457 4074 sibi
470 4010 549 4074 atiud
565 4013 611 4074 ius
626 4011 655 4073 in
668 4009 764 4074 vineis
780 4011 954 4093 prenotatis,
972 4031 1057 4094 quam
1069 4011 1147 4093 quod
1161 4012 1189 4073 in
1202 4012 1298 4094 priri-

124 4114 210 4199 iegiis
226 4138 330 4184 eornm
343 4119 429 4184 nobie
441 4140 531 4203 snper
547 4119 604 4181 hoc
620 4119 737 4183 traditis
755 4124 802 4181 est
813 4139 998 4203 expressum.
1015 4119 1047 4181 in
1060 4119 1143 4184 cuius
1157 4119 1296 4203 premissi

124 4234 153 4288 et
174 4226 373 4309 obiigaeionis
396 4228 596 4293 testimonium
615 4226 815 4291 mandarimus
837 4227 975 4311 paginam
997 4228 1074 4291 hane
1096 4229 1248 4293 conscribi
1265 4235 1296 4293 et

124 4337 302 4420 appensione
328 4338 450 4402 maioris
475 4337 566 4421 sigilli
590 4337 685 4401 nostri
704 4337 823 4400 muniri.
870 4340 974 4402 Actum
1002 4344 1033 4403 et
1059 4338 1156 4404 datum
1184 4337 1295 4403 Patavii

125 4445 203 4510 inno
219 4444 279 4510 dni.
293 4447 343 4511 ii⁰.
359 4445 455 4512 CCC⁰.
473 4447 544 4517 VIP.
569 4447 680 4511 Octava
697 4447 793 4511 sancti
809 4447 980 4514 Laureneii.

794 4574 810 4613 Ε
825 4573 955 4615 chartulario
972 4572 1055 4614 ,trebiri
1069 4574 1103 4613 111.
1117 4573 1154 4614 toi.
1169 4572 1203 4616 91.
1218 4573 1239 4614 b.
