3242 5350
289 523 338 596 38

339 698 399 750 Orig.
413 700 474 751 Perg.
486 697 583 752 (hupert.
596 697 641 740 let.
652 700 688 740 iit.
698 699 718 744 1,
732 699 769 740 lob.
780 697 826 754 20.)
837 698 876 739 Die
887 699 988 751 oblongos
997 702 1067 754 Siegel
1081 701 1159 753 ninge-
1172 715 1196 742 ιιι
1206 714 1321 754 pnrpurnrn
1336 704 1375 742 und
1391 703 1467 754 gribon

285 771 468 812 suren-sunum.
487 773 528 811 nis
538 776 593 812 srste
607 772 661 823 neigt
671 777 730 812 nnter
745 762 808 811 sinens
819 773 938 823 gothischer
948 762 1043 814 slbsrbsn
1058 775 1091 813 die
1101 775 1187 826 seligste
1197 776 1295 827 longsrsn
1305 776 1341 815 nsit
1348 777 1393 815 dem
1403 777 1468 816 Jem-

289 844 357 892 binos,
367 845 473 885 nsterbslb
485 843 541 885 hniet
550 844 649 884 nnbetend
660 843 696 885 dor
704 844 828 885 Erebisehol
836 845 974 886 nnbedeehten
985 848 1074 898 hirnptes
1084 847 1120 887 uit
1130 848 1175 887 den
1185 849 1292 887 Putonle
1302 847 1322 887 in
1331 849 1369 888 der
1382 850 1468 888 rechten

286 918 349 957 blund.
361 918 482 958 Urnsebrilts
498 918 522 961 8.
531 917 628 957 iobrnieii
644 918 681 957 Dei
692 918 797 956 G---
808 917 849 969 ispi
860 918 946 958 blnhissi
957 919 1076 970 Crpndreie.
1087 921 1127 959 Dus
1140 918 1212 959 swelle
1227 920 1284 972 neigt
1294 921 1330 959 den
1342 920 1470 960 Erebinthot'

285 988 363 1030 nitzend
382 992 418 1030 sul
429 992 473 1030 dem
489 989 640 1031 nisensniobsn
653 990 733 1030 8tnble.
756 990 879 1032 Unsohrilts
894 993 915 1033 8.
929 977 996 1043 Domni
1011 992 1068 1033 Petri
1082 977 1178 1045 Arsbffpi
1193 993 1323 1033 Arbore-m.
1339 994 1402 1032 seire
1413 994 1468 1031 En·

289 1064 382 1104 bisoblle
395 1063 475 1118 siegeln
489 1064 508 1104 in
523 1065 602 1106 rothem
614 1063 695 1105 wicun.

353 1157 400 1211 Die
418 1157 542 1211 Urhunds
560 1158 644 1226 zeigt,
668 1158 728 1211 dsss
746 1158 841 1228 Propst
864 1158 933 1210 Psbo
951 1157 1024 1211 nieht
1043 1157 1112 1220 bios,
1135 1157 1184 1211 wie
1203 1175 1250 1211 nus
1267 1155 1319 1210 den
1338 1157 1466 1210 truberen

281 1247 422 1303 Urkunden
442 1248 546 1309 erheilt,
565 1249 612 1303 dns
631 1248 752 1302 zeilliohe
772 1248 848 1301 Wohl
866 1247 952 1302 seinos
971 1249 1078 1311 denses,
1098 1248 1209 1303 sondern
1229 1249 1295 1302 nueh
1315 1249 1360 1302 dos
1381 1248 1467 1319 surige

280 1337 328 1392 der
347 1338 492 1408 Gldubigen
511 1338 545 1393 im
565 1341 638 1409 Auge
658 1339 763 1401 bebiell,
783 1338 835 1391 und
855 1336 975 1392 dusselbe
994 1340 1077 1394 durch
1097 1340 1139 1394 die
1158 1339 1267 1409 Prodigt
1286 1340 1332 1393 des
1352 1338 1468 1394 Gottss·

281 1430 377 1483 worles
396 1447 427 1483 zu
447 1428 589 1484 belirdern
611 1431 712 1484 suehte.

352 1520 428 1574 Aueb
447 1520 545 1573 hornut
564 1521 791 1579 herrornuheben,
810 1521 871 1575 dnss
890 1521 932 1575 die
950 1520 1118 1575 Erebisehot'e
1143 1521 1186 1575 die
1205 1522 1320 1593 Geltung
1339 1522 1386 1575 des
1404 1538 1467 1575 rer·

280 1610 402 1665 hebonen
415 1610 539 1665 Ablssses
550 1627 600 1665 ron
614 1611 661 1664 der
674 1610 857 1683 Einwillignng
868 1610 915 1665 des
928 1611 1188 1666 Dionemnbisehoies
1202 1612 1333 1682 sbhtngig
1344 1614 1465 1673 machon,

280 1702 411 1763 weleher,
435 1702 484 1755 der
501 1702 682 1755 hutholisehen
699 1701 786 1756 Lebre
805 1706 916 1773 gelren,
944 1704 1000 1759 sieb
1019 1722 1068 1760 nur
1090 1706 1194 1760 nuidis
1216 1706 1397 1775 Naeblussung
1415 1706 1466 1759 der
1570 1751 1573 1761 .

281 1793 422 1848 neitliehen
436 1793 542 1846 Strnlen
563 1792 701 1848 erstreeht.

823 1964 918 2034 XLV.

278 2117 391 2189 ldersop
417 2118 549 2173 Albreebl
571 2117 691 2174 verleilot
719 2117 774 2172 den
804 2120 989 2191 Weinporteor
1020 2119 1081 2175 Vols
1109 2119 1172 2175 dem
1193 2121 1310 2195 Sipfrid
1336 2140 1392 2177 oon
1410 2121 1466 2178 der

684 2208 865 2264 Hoelutrosee
890 2209 933 2265 ele
952 2210 1055 2266 beben.

667 2319 727 2372 ost.
746 2319 822 2374 Wien
842 2321 884 2375 ib.
903 2322 973 2375 hh‘un
993 2322 1072 2376 1291.

367 2448 429 2514 Nos
445 2448 590 2515 Aloerm
605 2448 659 2512 olei
670 2448 785 2534 proma
800 2449 878 2512 Due
893 2448 1017 2514 Austris
1033 2458 1065 2515 et
1078 2450 1193 2523 Stirie,
1212 2452 1365 2518 dominos
1382 2453 1463 2516 Cor-

277 2559 371 2631 niole,
387 2557 531 2624 Morebie
546 2579 585 2623 oe
598 2557 824 2644 portusoooois
836 2556 957 2641 publice
973 2559 1146 2641 profitentes
1162 2560 1310 2624 universis
1334 2561 1371 2623 ad
1387 2582 1464 2645 quos

275 2676 433 2753 presentes
448 2667 641 2752 pervenerint
651 2665 848 2739 declaramus,
865 2666 944 2752 quod
957 2670 1135 2734 constitutus
1147 2671 1178 2734 in
1190 2678 1291 2735 nostru
1303 2672 1465 2755 presencia

275 2778 321 2843 uir
333 2778 483 2843 diseretus
493 2777 672 2865 leopoldus
683 2776 723 2841 de
731 2778 798 2841 olto
806 2779 920 2864 plrleo
929 2779 1006 2843 civis
1016 2786 1122 2843 noster
1132 2779 1324 2844 Weonensris
1337 2781 1463 2845 oineom

278 2889 437 2975 quandum
459 2887 576 2952 dietam
591 2887 672 2952 olleo
692 2887 785 2951 silom
806 2888 841 2951 io
858 2889 946 2952 oolvo
962 2896 1065 2953 monte
1082 2888 1236 2975 quondam
1251 2890 1402 2954 Hoioriei
1419 2891 1463 2954 de

278 2998 440 3085 Cbooriop
453 2996 649 3063 Morsebolei
658 2996 785 3061 Austris
799 2997 988 3062 existentem
1000 3005 1032 3061 et
1046 2999 1085 3062 ob
1102 2998 1171 3084 ipso
1188 2998 1342 3064 Hoiorieo
1357 3021 1462 3087 prop-

274 3114 325 3172 ter
339 3107 491 3172 demeris
506 3127 565 3171 suo
583 3127 644 3191 per·
659 3109 852 3170 sentenciam
871 3106 1073 3193 diffinitivam
1092 3108 1229 3171 oblatam
1251 3108 1462 3194 collatamque

275 3217 375 3281 eidem
390 3218 536 3304 leupoldo
553 3221 584 3278 et
599 3214 761 3278 heredibus
776 3217 840 3280 suis
856 3235 911 3298 per
922 3215 1145 3279 serenissimum
1158 3215 1307 3279 dominum
1324 3221 1354 3278 et
1366 3218 1463 3303 peroi-

273 3334 372 3392 torem
398 3334 537 3392 eorunm
564 3325 732 3408 liudolfum
758 3326 967 3389 Romanorum
993 3326 1109 3410 Repem
1135 3346 1260 3411 semper
1283 3326 1460 3412 stuprorum

271 3434 358 3498 titulo
381 3434 491 3499 feodali
515 3433 552 3498 sd
574 3453 677 3498 monus
701 3439 819 3498 nostras
843 3439 948 3517 sponte
973 3439 1004 3498 et
1026 3433 1121 3497 libere
1144 3435 1318 3515 resignarit,
1346 3440 1457 3519 petens

272 3542 434 3622 humiliter,
450 3550 483 3609 ut
498 3546 593 3629 ipsam
611 3545 727 3607 vineam
742 3542 867 3626 Sifrirlo
879 3543 946 3628 filio
962 3564 1017 3609 suo
1033 3563 1068 3607 no
1084 3542 1247 3606 heredibus
1263 3544 1356 3627 ipsius
1376 3545 1456 3607 utri-

270 3672 366 3737 usque
389 3673 476 3718 sexus
498 3653 637 3718 conferre
659 3652 690 3714 in
713 3650 835 3715 lendum
858 3651 896 3715 de
918 3661 1019 3716 nostre
1042 3646 1144 3735 grecia
1168 3652 1368 3734 dignaremur.
1392 3650 1458 3715 Nos

268 3759 370 3845 itnque
393 3762 547 3827 memorati
569 3761 728 3847 Leopoldi
746 3759 887 3844 precibus
909 3761 1112 3825 favorabiliter
1132 3760 1267 3826 inclinati
1288 3760 1457 3844 predictam

270 3870 386 3936 vineam
403 3872 531 3934 antelato
547 3869 670 3953 Sifrido
686 3874 717 3932 et
732 3871 794 3933 suis
810 3869 975 3934 heredibus
999 3872 1155 3957 utriusque
1170 3889 1260 3933 sexus
1276 3870 1457 3933 contulimus

268 3987 299 4045 et
315 3979 495 4045 conferimus
512 3979 589 4041 omni
604 3978 687 4049 iure.
705 3998 762 4063 quo
776 3981 874 4043 teneri
891 3981 1046 4044 cousuevit
1059 3979 1214 4051 hactenus,
1230 3979 1456 4063 possidendum.

266 4087 368 4153 Eoisnn
388 4093 422 4155 ut
435 4089 506 4152 nulii
523 4088 673 4152 hominum
695 4086 826 4152 deeimas
843 4089 957 4171 aliquus
978 4110 1032 4152 seu
1048 4109 1102 4173 pro
1119 4089 1184 4152 iure
1209 4088 1318 4152 montis
1342 4088 1456 4172 aliquid

267 4198 425 4263 exsudent
447 4198 534 4262 sinen
557 4196 645 4261 iidem
667 4217 863 4279 possessores
884 4199 971 4261 vinee
988 4197 1107 4262 solvere
1129 4200 1296 4261 teneantur.
1320 4197 1352 4259 ln
1369 4198 1457 4260 cuius

264 4307 309 4371 rei
332 4307 533 4371 testimonium
550 4312 711 4390 presentes
729 4305 882 4369 eonseribi
899 4310 929 4369 et
945 4306 1045 4388 sigillo
1062 4312 1163 4371 nostro
1177 4306 1301 4370 serimus
1318 4326 1456 4371 eommu-

263 4415 329 4480 niri.
344 4415 451 4481 Datum
464 4416 591 4481 Wronne
602 4417 688 4479 Anno
701 4415 819 4477 Domini
830 4414 872 4477 111ο
879 4412 939 4492 CC?
952 4416 1143 4497 nonagesimo
1152 4417 1247 4500 primo
1256 4416 1325 4479 Idus
1335 4415 1443 4479 Marcii
1448 4463 1455 4478 .

330 4539 389 4593 Orig.
404 4542 465 4594 Per-3.
482 4540 578 4592 (nepote.
592 4540 637 4581 let.
653 4542 688 4581 ilr.
700 4540 732 4587 19,
747 4538 784 4578 rot.
801 4539 861 4594 111.)
876 4539 946 4592 stegen
962 4540 1022 4579 rehu.
1038 4541 1081 4580 Cle.
1096 4540 1185 4581 Fischer
1199 4554 1245 4593 μς.
1260 4541 1300 4580 213
1315 4546 1337 4580 ot
1350 4540 1400 4579 301.
