3242 5350
1254 488 1328 562 185

135 663 227 725 sterio
239 662 477 746 Neunburgensi
490 662 708 728 canonicorum
718 663 909 746 Regularium
922 662 1044 728 Ordinis
1056 664 1161 728 Sancti
1173 664 1331 747 Augustini

135 777 235 834 nostre
252 770 393 837 lliucesis
410 775 438 836 in
452 778 577 858 viroque
590 772 742 836 conventu
755 771 868 837 Sancte
880 772 1065 836 visitacionis
1078 772 1208 836 officium
1222 792 1331 856 perso·

136 879 243 941 nalster
259 899 431 962 ageremus,
448 883 626 953 invenimus,
643 880 720 964 quod
738 901 796 943 uon
814 880 893 943 nulla
906 882 986 944 circs
1000 901 1158 965 personam
1172 886 1202 944 et
1214 879 1330 944 Statum

136 985 325 1052 Venerabilis
342 990 504 1076 Stephani
518 990 680 1077 Preposlti
693 988 816 1061 ibidem,
840 987 966 1072 quedam
984 988 1065 1052 circa
1082 1008 1229 1071 personas
1245 988 1330 1059 alias,

135 1104 164 1157 et
186 1097 316 1179 quedam
339 1098 421 1161 circs
443 1098 595 1169 officinas,
621 1104 652 1161 et
667 1097 786 1160 diversa
804 1096 930 1178 negocia
947 1095 1124 1160 lilonasterii
1139 1098 1282 1161 interiora
1300 1106 1331 1162 ct

135 1205 284 1266 exteriora
298 1207 517 1270 reformacione
530 1226 616 1289 quam
629 1205 789 1289 plurimum
803 1204 990 1288 indigebant,
1007 1204 1139 1285 Quorum
1153 1204 1331 1287 quibusdam

135 1311 314 1375 dilacioucm
331 1333 389 1376 non
407 1314 595 1397 capientibus
611 1320 682 1377 tunc
698 1313 728 1376 in
746 1314 841 1376 nostri
853 1312 1013 1396 presencia
1026 1315 1174 1377 correctis
1187 1318 1218 1375 et
1234 1317 1330 1375 muta·

134 1420 180 1491 tis,
196 1419 268 1503 ipso
293 1423 389 1487 sciam
412 1422 569 1505 preposito
591 1441 659 1485 cum
680 1421 827 1505 aliquibus
852 1441 888 1484 ex
904 1419 1065 1484 (laconicis
1083 1440 1136 1505 pro
1153 1418 1330 1484 excessibus

135 1536 164 1591 et
183 1527 349 1592 insultibus
371 1531 401 1592 iu
425 1549 584 1613 personam
609 1528 753 1591 llertwici
770 1528 883 1591 Decani
906 1532 937 1592 et
958 1527 1142 1611 quorundam
1157 1529 1282 1592 fratrum
1299 1533 1329 1592 lo

135 1636 263 1719 capitulo
281 1636 418 1700 indebite
435 1638 524 1701 iactis
548 1637 584 1700 ad
609 1638 667 1701 alia
684 1637 868 1702 blouasteria
884 1637 1018 1700 eiusdem
1036 1637 1150 1702 ordinis
1174 1659 1228 1724 pro
1250 1639 1330 1703 bono

134 1747 216 1826 pacis
232 1746 271 1807 ad
289 1746 489 1828 penitenciam
507 1746 654 1828 agendum
671 1745 708 1808 ad
724 1750 844 1828 tempus
866 1746 1000 1814 emissis,
1026 1745 1113 1809 Circa
1137 1746 1249 1831 reliqua
1272 1748 1330 1832 ipsi

135 1853 327 1924 lluoasterio‚
350 1852 494 1917 fratribus
515 1858 545 1916 ct
568 1851 751 1916 Dominabus
774 1855 929 1937 vtriusque
946 1851 1117 1917 Conventus
1134 1855 1250 1917 sollerti
1268 1856 1329 1918 cir-

134 1961 366 2042 cumspeccione
392 1960 555 2044 providere
578 1960 726 2033 volentes,
752 1961 791 2025 de
820 1961 1044 2026 venerabilium
1071 1968 1103 2025 et
1129 1963 1329 2026 discretorum

134 2068 265 2131 virorum
287 2070 432 2141 Henrici,
459 2070 650 2135 Monustcrdr'
668 2071 776 2135 nonni
800 2070 929 2158 Ypoliti,
955 2070 1120 2135 Trustonia
1143 2071 1333 2137 Menoetes-ii

134 2176 166 2239 in
180 2178 480 2265 Herenopcnbnrpo,
502 2186 534 2243 ct
548 2178 692 2266 anonis
706 2179 897 2243 Monosterr'i
909 2178 1024 2244 Sancti
1038 2180 1166 2244 Andros
1181 2181 1329 2266 Preposi-

134 2292 234 2350 torum
249 2287 376 2351 ordinis
391 2288 541 2357 claudens,
558 2287 846 2374 MopiclriLndolfi‚
863 2287 989 2351 Decona'
1002 2287 1210 2361 Cbrcmcnsis,
1224 2290 1328 2377 Μαρί-

134 2395 194 2457 stri
204 2395 342 2459 Henrici
350 2396 504 2460 Cononici
515 2394 725 2469 Polociensic,
742 2394 925 2481 imperialis
936 2398 1009 2459 onlc
1021 2396 1151 2460 Notarii
1162 2401 1193 2459 et
1204 2395 1329 2461 aliorum
1421 2415 1423 2417 ’

135 2502 309 2586 sapientum
327 2504 413 2566 curie
429 2511 531 2566 nostre
548 2503 674 2567 consilio
690 2504 794 2567 taliter
809 2504 946 2568 duximus
959 2506 1157 2577 statuendum,
1175 2504 1330 2570 diffinien-

136 2610 201 2673 dum
218 2616 250 2673 et
272 2611 477 2676 ordinandum.
500 2611 599 2674 Primo
616 2612 694 2676 eninr
711 2612 886 2686 statuimus,
915 2618 946 2676 vt
962 2631 1065 2677 omnes
1082 2613 1192 2678 iratres
1209 2613 1331 2679 Decano

136 2738 195 2792 suo,
220 2725 253 2781 et
270 2718 521 2784 sanctimoniales
546 2720 692 2802 blagistre
714 2740 779 2793 sue,
803 2721 872 2806 ipse
897 2741 1016 2807 quoque
1043 2721 1192 2794 Decauus,
1210 2725 1261 2808 qui
1276 2744 1332 2807 pro

136 2833 267 2910 ternpore
284 2829 376 2890 fuerit
392 2849 458 2892 cum
476 2828 613 2893 omuibus
630 2829 772 2893 iratribus
789 2830 828 2892 de
846 2827 982 2913 Capitulo
1004 2850 1059 2892 seu
1078 2828 1232 2895 Conventa
1249 2832 1332 2895 viro·

135 2954 206 3006 rom,
238 2935 384 3017 ldagistra
416 2938 514 2999 eciam
541 2957 608 3000 cum
632 2937 770 3001 omnibus
800 2937 1083 3001 sanctimonialibus
1111 2938 1150 3001 de
1178 2939 1330 3003 Conveotu

136 3045 326 3107 Dominarum
343 3045 500 3127 Proposito
516 3043 707 3116 Monasterii,
727 3045 777 3129 qui
793 3066 848 3129 pro
864 3051 1002 3130 tempore
1019 3047 1120 3120 tuerit,
1137 3047 1168 3110 in
1184 3046 1332 3118 omnibus,

141 3161 168 3215 et
188 3173 245 3235 per
266 3153 365 3215 omnia
391 3153 472 3217 licita
497 3161 527 3216 et
550 3152 675 3216 honesta
700 3153 854 3217 humiliter
871 3153 1022 3226 obediant,
1047 3153 1173 3240 Sibiqoe
1189 3156 1256 3220 loco
1274 3155 1331 3219 Dei

138 3264 271 3344 tauquam
290 3262 404 3342 pastori
420 3281 485 3333 suo,
504 3266 535 3324 et
551 3260 640 3325 velud
664 3261 797 3325 membra
816 3263 908 3343 capiti
931 3263 991 3325 siut
1006 3262 1145 3327 subiecti.
1172 3262 1247 3344 Quia
1265 3265 1331 3347 ipse

139 3377 193 3439 est,
212 3370 264 3452 qui
283 3375 404 3432 tenetur
419 3370 565 3433 altissimo
590 3378 621 3432 et
637 3368 723 3432 nobis
741 3370 779 3433 de
795 3370 870 3454 ipsis
888 3374 1038 3434 eteorum
1055 3372 1184 3453 singulis
1201 3371 1331 3435 reddere

139 3478 296 3540 racionem.
315 3475 492 3560 Prepositus
510 3482 609 3540 autem
627 3478 792 3551 Decanum,
810 3483 842 3541 et
857 3478 979 3549 iratres,
996 3478 1170 3563 Magistram
1188 3485 1218 3542 et
1235 3479 1331 3542 Soro-

141 3606 184 3648 res
200 3588 251 3668 pie
267 3586 379 3657 foveat,
396 3586 525 3650 Paterno
541 3587 676 3665 corrigat
692 3605 775 3649 more
787 3585 831 3669 pii
844 3586 954 3658 Patris,
971 3588 1022 3671 qui
1034 3587 1138 3651 durius
1151 3593 1330 3673 provocatus

141 3693 239 3756 nicius
262 3694 401 3775 corrigit,
425 3714 481 3756 nec
507 3693 544 3758 de
560 3701 665 3758 cetero
682 3713 809 3777 vnquam
837 3695 938 3758 verbis
960 3695 1151 3768 crudelibus,
1169 3695 1330 3777 presertim

141 3802 354 3882 ignominiosis,
371 3810 541 3884 exasperet,
559 3811 589 3864 et
605 3810 745 3886 quantum
762 3823 928 3885 precavere
945 3811 1056 3887 potest,
1077 3797 1253 3888 exasperari
1276 3824 1332 3886 per

141 3911 206 3974 alios
231 3931 291 3974 uon
312 3910 475 3994 permittat.
501 3909 644 3974 Preterea
669 3913 841 3982 statuimus,
871 3930 907 3974 ac
930 3910 985 3974 sub
1008 3910 1216 3975 obtestacione
1239 3911 1332 3974 divini

141 4017 252 4091 iudicii,
275 4037 332 4081 nec
357 4038 415 4081 non
438 4017 494 4081 sub
518 4018 641 4082 obtentu
664 4018 769 4099 gracie
792 4025 895 4082 nostre
918 4019 1112 4084 strictissime
1126 4020 1331 4103 prohibemus.

142 4147 174 4190 ne
193 4126 231 4191 de
256 4133 360 4192 cetero
381 4124 557 4209 Prepositus
581 4145 649 4189 cunr
671 4127 809 4199 Decano,
839 4133 889 4190 aut
905 4147 970 4191 cum
989 4128 1087 4211 aliqua
1104 4133 1190 4212 parte
1207 4129 1331 4192 fratrum

142 4240 186 4297 aut
201 4234 359 4307 Sororum,
377 4234 517 4298 Dscanus
533 4255 600 4299 cum
617 4234 768 4306 iratribus,
786 4240 837 4299 aut
853 4234 950 4320 aliqua
969 4242 1056 4319 parte
1071 4237 1215 4320 ipsorum,
1233 4235 1331 4319 blagi-

142 4348 198 4404 stra
220 4363 287 4407 cum
311 4341 468 4406 sororibus
492 4348 542 4406 aut
564 4351 650 4426 parte
665 4342 809 4426 ipsarum,
826 4350 878 4406 aut
894 4343 989 4407 eciam
1005 4343 1117 4407 iratres
1135 4344 1183 4407 vel
1201 4344 1331 4407 Sorores

143 4448 213 4514 inter
228 4471 262 4514 se
278 4450 311 4513 iu
328 4451 452 4513 alterius
470 4452 685 4536 cujuscumque
701 4470 834 4535 persone
851 4449 898 4514 vel
923 4435 1017 4536 partis
1034 4449 1145 4528 odium,
1170 4450 1217 4515 vel
1234 4452 1332 4514 iactu-

146 4577 200 4619 ram
225 4557 313 4621 vllam
339 4557 445 4641 ligem,
475 4561 751 4643 conspiracionem,
776 4561 916 4624 unionem
950 4580 1003 4623 seu
1030 4555 1208 4623 societatem
1236 4558 1330 4622 habe-

150 4671 202 4737 ant
224 4667 324 4730 autin
350 4671 502 4751 posterum
526 4670 629 4732 iacere
650 4666 698 4729 vel
721 4666 948 4751 quomodolibet
970 4668 1048 4731 inire
1069 4672 1253 4751 presumant,
1278 4667 1333 4730 sed
