3242 5350
274 528 296 593 8

274 709 434 776 Hudmuri
446 709 487 775 do
505 708 611 775 Werde
626 706 728 773 taliter
743 707 954 790 obligavimus,
971 712 1002 771 rt
1013 706 1093 771 dieta
1106 708 1193 771 rineu
1206 707 1244 772 ab
1257 709 1335 775 omui
1348 716 1468 775 nostro·

274 838 338 883 rum
354 822 509 903 parentum
525 816 696 882 hereditate
713 818 752 880 sit
768 818 881 889 aliena,
906 815 1001 880 donee
1025 816 1076 879 isti
1092 816 1205 880 fratres
1221 838 1306 883 suum
1331 824 1466 883 ornatum

273 949 330 992 vna
346 948 414 991 eum
431 932 534 991 nostro
555 927 691 1011 plenario
712 924 906 1008 integraliter
922 944 958 989 se
974 923 1128 1007 gaudeant
1144 927 1312 1011 accepisse.
1338 925 1422 1008 Quod
1440 926 1466 990 si

275 1034 444 1118 neglectum
465 1036 556 1099 luerit
577 1042 627 1099 aut
649 1035 825 1111 obmissum,
841 1032 901 1119 ipsi
916 1033 1028 1097 fratres
1045 1033 1212 1119 predictam
1232 1036 1348 1100 vineam
1365 1038 1396 1100 in
1410 1055 1466 1099 sna

273 1149 424 1230 potestate
439 1143 551 1208 tamdiu
564 1144 745 1215 retinebunt,
762 1143 893 1228 quandiu
906 1148 1030 1206 ornatus
1042 1162 1118 1226 sepe
1131 1143 1228 1207 dietus
1241 1144 1315 1229 ipsis
1329 1144 1467 1226 integra·

273 1253 343 1316 liter
366 1272 425 1318 non
441 1252 596 1317 reddatur.
614 1252 649 1316 Si
674 1258 772 1316 antem
786 1250 894 1335 uliquis
907 1256 1061 1336 parentum
1086 1256 1256 1315 nostrorum
1273 1273 1328 1316 nos
1351 1257 1469 1315 mortuo

274 1360 424 1426 iusticiam
436 1360 552 1425 babens
564 1361 594 1426 in
606 1362 693 1426 vinea
706 1359 856 1447 premissa
870 1364 900 1422 et
910 1360 1004 1443 ipsam
1015 1359 1146 1423 vuluerit
1158 1360 1317 1435 rehabere,
1330 1362 1467 1444 assignet

273 1468 392 1555 prefate
416 1470 548 1535 eoelesie
571 1469 624 1533 XX
645 1470 740 1535 libras
764 1468 834 1532 den.
858 1468 967 1530 wienn.
991 1488 1046 1552 pro
1063 1472 1184 1543 ornatu,
1211 1472 1302 1534 etsie
1319 1468 1466 1555 prefatam

274 1580 390 1642 vineam
403 1578 559 1662 possideat
570 1599 637 1644 unm
649 1578 761 1664 quiete.
774 1576 808 1639 Si
820 1596 893 1641 reru
907 1577 1062 1641 memorati
1074 1578 1167 1642 frates
1178 1598 1232 1642 nos
1241 1578 1337 1641 adbuc
1348 1579 1468 1642 vivente

273 1685 323 1749 rel
339 1706 398 1749 non
414 1687 561 1751 existente
579 1692 713 1750 ornatum
730 1704 815 1749 suum
829 1705 896 1748 eum
909 1685 1044 1769 plenario
1058 1691 1162 1749 nostru
1174 1684 1364 1768 integraliter
1375 1684 1467 1749 reba·

274 1794 403 1868 bebnnt,
425 1796 511 1859 vinea
528 1799 630 1858 nostra
654 1793 729 1879 ipsis
753 1812 808 1877 pru
833 1794 965 1875 pignore
988 1792 1128 1877 deputata
1153 1793 1190 1857 ed
1213 1814 1268 1858 nos
1293 1798 1324 1857 et
1347 1798 1467 1857 nostrus

275 1908 415 1989 parentes
438 1901 534 1966 libere
555 1908 736 1967 revertetur.
766 1901 805 1964 Ut
829 1907 927 1965 antem
950 1906 1072 1974 cuneta,
1095 1921 1161 1985 qne.
1177 1903 1325 1986 premissa
1349 1908 1467 1974 sunta

274 2011 411 2096 partibus
433 2010 649 2076 inviolabiliter
672 2008 887 2082 observentur,
915 2019 1088 2094 presentem
1110 2009 1228 2074 literam
1254 2011 1349 2073 nostri
1375 2009 1468 2092 sigilli

275 2124 506 2205 nostrorumque
536 2122 694 2203 parentum
726 2116 895 2202 sigillorum
927 2117 1089 2183 munimine
1123 2117 1328 2183 confirmatam
1368 2118 1469 2183 eidem

273 2228 406 2293 eeclesia
423 2227 630 2292 dariseeimns
646 2226 810 2308 insignum
829 2226 952 2290 evidens
969 2232 1001 2290 et
1012 2226 1168 2292 cantelam.
1186 2225 1279 2292 llnius
1292 2226 1470 2291 donacionis

274 2342 370 2403 testes
391 2341 475 2411 sunt,
503 2337 595 2401 Duas
619 2334 743 2401 mrim
764 2337 922 2412 decanus,
945 2336 1027 2400 dnus
1055 2336 1179 2401 Vlrimoe
1199 2336 1241 2401 de
1257 2334 1469 2424 pusoodnrcb,

273 2448 305 2513 d.
322 2447 424 2519 Pube,
448 2446 480 2511 d.
500 2446 651 2528 Ortolsua
667 2444 700 2509 d.
720 2446 801 2520 Ouo,
818 2446 850 2508 d.
869 2445 942 2509 Otto
958 2444 1200 2532 hospitalarius,
1216 2445 1248 2510 d.
1268 2444 1470 2520 Wernberns,

141 2613 146 2621 .
272 2556 304 2621 d.
318 2554 505 2627 waltherus,
519 2554 632 2620 elerici
641 2553 672 2618 d.
685 2553 861 2641 Pilpru'nus,
874 2553 906 2618 d.
918 2554 1103 2618 Dietmonss
1113 2552 1226 2618 Merlo.
1241 2553 1281 2617 Ι).
1293 2552 1470 2617 Heinrieus

274 2664 314 2730 de
330 2663 544 2748 Rucbeodms,
561 2662 592 2727 d.
608 2661 772 2728 Dietrt'eus
787 2661 947 2748 officialis,
963 2662 1234 2739 emarcueram,
1250 2661 1281 2726 d.
1293 2661 1471 2728 Heinrieus

275 2774 316 2838 de
339 2774 469 2839 Guwuts
491 2773 618 2848 milites,
641 2771 808 2836 buinrieus
824 2772 865 2836 de
879 2773 974 2847 Mau,
1005 2772 1076 2836 Otto
1097 2772 1139 2837 de
1161 2771 1295 2842 borrae,
1325 2770 1471 2853 Ortolsua

275 2882 449 2958 Levbnner,
459 2879 711 2966 Gotsridaa,0tto
720 2880 918 2957 cellerarios,
927 2880 1114 2958 laborem,
1123 2880 1311 2946 Chunradus
1319 2878 1473 2944 tombere

275 2989 357 3056 servi
374 2995 405 3053 et
421 2988 471 3052 alii
487 2988 706 3074 quamplures.
731 2988 840 3053 Datum
857 2990 887 3052 in
904 2988 1035 3053 Sevelde
1051 3009 1129 3053 annu
1145 2988 1257 3054 domini
1272 2986 1469 3052 urccfflv‘.

953 3113 970 3153 E
985 3113 1116 3155 Cbumdnio
1129 3112 1213 3156 arsum
1227 3115 1263 3156 llr.
1278 3114 1313 3160 lli,
1328 3113 1365 3155 tol.
1378 3112 1414 3154 0⁸0

347 3222 395 3278 Die
409 3223 517 3294 Zengon
537 3223 594 3278 sind
608 3223 665 3278 bier
678 3223 704 3276 in
717 3223 830 3290 „milites
842 3222 896 3278 und
909 3223 995 3279 serri“
1010 3221 1166 3295 (armigeri)
1180 3222 1351 3293 gesebieden.
1363 3223 1473 3278 berula

275 3315 338 3369 ouo
349 3311 509 3369 cellerarius
516 3313 718 3368 rorkommende
727 3315 815 3384 Zeuge
826 3315 860 3368 ist
868 3314 1052 3386 benoglieber
1062 3314 1167 3377 Diener,
1178 3315 1210 3369 da
1218 3311 1473 3369 derilellermeister

276 3405 324 3460 des
337 3404 432 3459 stilles
446 3404 613 3474 „liudigerus
626 3405 660 3459 de
672 3403 789 3459 Vienna“
804 3405 883 3459 hiesu.

850 3571 895 3647 X.

275 3732 337 3788 Der
343 3731 503 3808 pdpatlielue
512 3732 734 3797 Nuntior‚Peter
742 3751 798 3789 oon
807 3734 984 3789 Ponteeoruo
995 3734 1109 3806 pnittirt
1119 3734 1189 3790 nter
1198 3731 1252 3789 dero
1260 3733 1472 3808 empfoupeneu

599 3823 781 3899 pdpstlieden
793 3825 866 3879 Ziur
879 3842 934 3900 uon
947 3823 1012 3878 oobt
1025 3825 1145 3880 Jatren.

649 3951 709 4006 Dat.
722 3952 856 4006 Klosteru.
870 3952 914 4007 18.
927 3950 1001 4023 April
1016 3951 1097 4008 1286.

367 4076 511 4142 Omnibus
533 4076 647 4143 Christi
668 4078 810 4144 tidelibns
834 4084 994 4164 presentes
1018 4080 1122 4143 literas
1149 4081 1332 4164 inspecturis
1353 4084 1475 4149 Petrus

277 4187 317 4252 de
328 4188 523 4253 Pmoteeorvo
538 4189 668 4275 Capella
678 4188 897 4275 dominipupe
912 4188 1047 4253 aleriam
1059 4190 1232 4275 apostoliea
1242 4189 1327 4254 aedis
1338 4191 1475 4257 nonam

278 4296 406 4360 salntem
423 4296 453 4360 in
470 4296 606 4360 Domino.
631 4295 827 4360 Universituti
842 4301 945 4360 vestre
959 4302 1067 4360 tenure
1083 4297 1274 4380 presencium
1290 4297 1472 4373 innoteseat,

272 4424 333 4468 nus
357 4425 374 4468 a
395 4403 617 4469 venerabilibus
639 4403 774 4489 patribus
789 4406 957 4494 preposito
980 4412 1011 4470 et
1032 4412 1188 4471 eonomutu
1208 4404 1475 4494 Nomados-pensis

278 4511 468 4578 Menanter-ii
488 4513 684 4578 Patawiensis
707 4512 840 4578 diocesis
857 4535 921 4600 pro
945 4535 1041 4579 censu
1061 4522 1130 4580 oete
1151 4537 1308 4580 annonem
1318 4517 1473 4603 proxim

275 4623 514 4712 preteritorum,
527 4623 557 4684 in
575 4642 633 4705 qno
650 4622 761 4686 dietum
779 4623 993 4687 monasterinm
1009 4622 1142 4686 Romane
1157 4622 1290 4687 eeelesie
1303 4623 1473 4698 tenebatur,

278 4729 402 4795 XXXII.
418 4731 475 4795 aul.
493 4731 603 4796 breves
614 4731 728 4795 wicram
740 4738 863 4795 monne
871 4739 1012 4818 moneto
1020 4731 1351 4820 hdonmisameispro
1362 4734 1474 4797 domini
