3242 5350
1284 463 1362 535 341

158 661 289 725 marum
322 644 430 709 utimur
460 642 634 705 elemosinis
667 642 786 728 aliquod
819 642 922 705 iacere
959 639 1064 703 salutis
1102 638 1285 708 remedium,
1325 638 1364 703 de

158 752 295 814 unanimi
312 751 440 815 consilio
456 757 487 813 et
504 769 654 813 consensu
671 749 857 814 honorabilis
870 748 972 811 fratris
986 747 1079 811 nostri
1094 746 1231 831 Npcclci
1241 747 1368 813 Decumi

158 878 197 922 ac
214 860 318 924 tocius
335 858 505 923 Conventus
522 860 616 922 nostri
633 859 807 923 donavimus
826 865 856 921 et
871 855 1049 920 tradidimus
1065 860 1230 939 proventus
1247 859 1278 917 et
1295 854 1366 918 red·

30 988 31 1051 t
157 968 245 1031 ditus
262 967 449 1031 subnotatus.
480 968 541 1038 lta,
567 967 644 1050 quod
669 987 745 1029 unus
771 987 807 1030 ex
825 964 952 1030 dominis
970 965 1098 1035 nostris,
1115 963 1295 1048 qudcumque
1310 984 1367 1046 per

30 4195 32 4348 l
151 4218 281 4301 prefata
298 4211 438 4300 pulcbra
456 4213 589 4300 Capella
614 4214 814 4279 multitudini
830 4214 989 4280 bominum
1006 4217 1109 4303 mopis
1127 4224 1206 4303 apto
1228 4218 1264 4282 in
1283 4224 1357 4282 ortu

30 4359 31 4406 ;
154 4325 220 4388 diei
237 4322 371 4387 cottidie
387 4322 576 4387 celebratur.
593 4322 630 4385 Et
646 4321 751 4394 ldissa,
768 4342 827 4405 que
843 4323 912 4386 olim
930 4326 958 4386 in
977 4325 1081 4388 eadem
1099 4324 1224 4408 pulchra
1232 4323 1357 4409 Capella

159 1095 237 1145 nos,
261 1080 312 1138 aut
334 1076 539 1139 Successores
567 1080 685 1137 nostros
713 1080 745 1136 et
772 1072 956 1136 Conventum
982 1077 1116 1135 nostrum
1137 1070 1173 1134 ad
1198 1069 1256 1134 boc
1272 1071 1364 1135 fuerit

158 1183 343 1267 deputatus,
367 1183 491 1247 eosdem
515 1181 651 1246 redditus
674 1188 706 1244 et
727 1186 890 1265 prouentus
913 1179 1060 1261 colligere
1081 1186 1111 1242 at
1129 1180 1305 1262 percipere,
1335 1186 1365 1244 et

157 1293 199 1354 de
226 1293 270 1355 eis
295 1292 371 1355 inira
392 1293 506 1376 scripta
523 1310 614 1354 onera
631 1310 685 1355 seu
702 1290 835 1354 remedia
852 1287 1017 1371 adimplere
1040 1286 1192 1351 tenebitur
1217 1294 1363 1374 perpetuo

159 1400 281 1485 absque
296 1401 508 1464 diminucione.
527 1400 558 1462 ln
571 1399 676 1482 primis
688 1400 782 1480 igitur
793 1399 944 1482 percipiat
956 1418 1083 1461 ameum
1095 1398 1365 1484 cupellcpulcbre

162 1510 339 1593 Cyraiterio
355 1509 500 1573 Ecclesie
526 1517 634 1571 neure
658 1507 838 1572 adiacentis
855 1543 896 1553 -
914 1503 1056 1567 Ceterum
1078 1505 1108 1566 in
1125 1504 1308 1585 Neunburga
1325 1528 1361 1569 en

160 1624 252 1700 parte
269 1616 428 1681 claustrali
447 1616 485 1679 de
509 1636 563 1677 rina
589 1635 658 1678 area
677 1615 733 1677 sita
757 1637 801 1679 cc
824 1615 969 1701 opposito
985 1613 1174 1678 Mouustcrii
1187 1613 1363 1680 Sometime-

159 1726 315 1799 niclium,
346 1748 406 1813 pue
433 1736 480 1789 est
504 1726 656 1812 contipua
680 1726 774 1789 Curia
800 1724 996 1788 dominorum
1024 1724 1064 1787 dc
1093 1723 1364 1789 Cbremsmdnster

160 1835 217 1898 XX
232 1836 374 1899 denarios
391 1837 421 1898 in
438 1835 487 1897 die
503 1833 581 1897 beati
599 1833 728 1897 Martini.
749 1832 786 1895 Et
799 1832 838 1895 de
854 1832 951 1895 tribus
968 1833 1049 1894 areis
1067 1830 1191 1894 inclusis
1210 1832 1238 1894 in
1257 1834 1360 1897 eadem

161 1945 246 2007 cuma
263 1943 342 2006 LXX
358 1942 498 2005 denarios
521 1943 549 2004 in
574 1941 622 2004 die
640 1941 720 2005 beati
737 1941 859 2004 blarlini
875 1976 916 1986 —
935 1939 1136 2023 supradictus
1162 1944 1259 2003 autem
1289 1939 1361 2003 red·

161 2051 243 2114 ditus
268 2057 300 2113 st
315 2056 476 2134 proventus
495 2070 598 2113 omnes
616 2058 647 2113 et
663 2049 799 2131 singulos
816 2068 883 2111 cum
901 2048 1038 2111 omnibus
1052 2047 1171 2129 juribus
1186 2054 1217 2111 et
1233 2051 1362 2113 attinen-

161 2161 212 2222 tiis
229 2158 294 2221 suis
310 2159 349 2222 de
365 2159 441 2221 bona
459 2159 613 2222 voluntate
627 2158 755 2221 consilio
773 2162 803 2220 et
820 2177 947 2220 assensu
961 2155 1132 2219 Conventus
1150 2159 1245 2221 nostri
1263 2157 1360 2222 libere

162 2267 337 2330 donavimus
360 2271 391 2329 et
412 2265 558 2329 donamus
581 2267 737 2351 perpetuis
760 2263 946 2348 temporibus
969 2285 1025 2347 per
1052 2284 1140 2328 unum
1169 2286 1205 2328 ex
1234 2266 1360 2330 dominis

163 2376 291 2446 nostris,
308 2378 342 2436 ut
358 2375 558 2456 premittitur,
575 2373 799 2458 percipiendos.
823 2372 1015 2456 colligendos
1032 2372 1241 2445 attinendos,
1258 2374 1362 2457 adjec-

163 2483 202 2546 tis
224 2490 324 2547 tamen
347 2482 491 2546 oneribus
513 2489 544 2546 et
565 2483 707 2546 remediis
730 2483 966 2565 infrascriptis,
991 2502 1049 2565 que
1066 2502 1101 2543 ex
1118 2481 1192 2564 ipsis
1209 2480 1361 2546 tenebitur

162 2596 312 2673 perpetuo
329 2587 509 2673 subportare
526 2596 557 2653 et
572 2588 687 2677 absque
703 2589 904 2652 diminucione
920 2588 1095 2672 adimplere.
1129 2589 1227 2653 Primo
1243 2590 1359 2654 Sacer·

159 2699 221 2763 doti
234 2697 389 2782 Capellam
408 2699 560 2781 pulchram
577 2697 753 2762 inofficianti
771 2698 851 2761 omni
866 2698 916 2762 die
933 2702 1061 2781 quatuor
1084 2697 1225 2762 deriarios
1250 2699 1358 2764 Wien-

162 2828 274 2871 nenses
291 2807 365 2870 dare
382 2805 517 2870 debebit.
536 2807 593 2887 Qui
611 2826 683 2870 vero
698 2807 863 2892 Capellam
875 2806 990 2871 Sancti
1000 2807 1121 2894 llpydij
1136 2807 1358 2881 inofficiarerit,

160 2915 296 2998 quolibet
324 2915 373 2977 dic
401 2912 478 2977 dnos
507 2914 649 2977 denarios
678 2914 790 2978 usualis
820 2920 947 2977 monete.
980 2913 1017 2976 Et
1046 2915 1175 2980 cuilibet
1199 2918 1358 2982 Canonicc

159 3025 300 3089 Ecclesiae
315 3030 423 3087 nostre
446 3023 482 3086 in
498 3021 610 3086 ordine
625 3021 814 3086 Sacerdocii
831 3022 1002 3087 constituto
1017 3023 1152 3110 sinpulis
1167 3025 1261 3089 annis
1277 3047 1356 3112 puo-

157 3141 226 3196 tuor
244 3133 339 3196 ulnas
356 3131 464 3218 panni
485 3131 552 3194 albi
577 3130 692 3194 coloris
714 3130 804 3204 boni,
830 3151 890 3217 que
906 3133 1035 3196 cubant
1049 3152 1144 3196 unum
1161 3133 1290 3206 librum,
1308 3137 1361 3199 vel

156 3242 185 3304 si
197 3261 327 3328 pannus
344 3239 457 3303 baberi
480 3259 543 3302 uon
557 3239 694 3324 peterit,
718 3260 814 3302 uuum
838 3238 951 3303 librum
971 3261 1033 3326 pro
1055 3241 1172 3304 eodem.
1198 3241 1261 3304 Pro
1278 3243 1356 3305 Pre-

152 3349 258 3434 pesito
275 3369 352 3411 aero
367 3355 398 3410 ct
416 3348 542 3411 Decano
559 3347 686 3411 cuilibet
702 3345 764 3409 llll
780 3346 901 3411 solidos
917 3354 949 3411 ct
964 3370 1028 3411 non
1043 3349 1147 3412 minus
1161 3349 1358 3415 ministrabit

156 3459 248 3521 annm
263 3456 401 3543 sinpulis
420 3477 481 3541 pro
502 3476 611 3542 pauno
626 3476 693 3518 sno.
730 3454 775 3516 Ne
803 3474 874 3517 vero
902 3461 1043 3538 posteros
1072 3461 1192 3519 nostros
1216 3457 1356 3521 Salubria

156 3564 267 3627 lateant
292 3566 441 3637 instituta,
464 3565 544 3626 scire
560 3564 697 3646 cupimus
715 3562 889 3635 universos,
917 3565 1009 3643 Quod
1016 3586 1148 3651 paunus
1165 3573 1357 3631 memoratus

155 3675 239 3738 inter
256 3672 432 3737 Ccnouicos
448 3673 630 3736 sacerdotes
642 3672 844 3737 distribuitur
854 3681 988 3760 propter
995 3675 1135 3760 ρήηιαηι
1146 3675 1284 3746 musam,
1297 3696 1357 3761 pue

155 3783 313 3869 piundum
328 3781 362 3845 iu
377 3781 465 3845 dictu
478 3782 611 3867 Capella
626 3780 732 3844 suncti
750 3780 859 3868 Epidii
874 3782 1004 3845 cottfflic
1019 3783 1191 3868 lepebatur.
1210 3782 1272 3846 Sed
1287 3784 1356 3867 quia

154 3890 218 3953 Deo
244 3890 392 3973 propitio,
419 3889 470 3971 qui
492 3888 661 3953 Ecclesiam
686 3908 769 3951 suam
795 3909 871 3952 nova
888 3909 1010 3972 semper
1025 3890 1110 3972 prule
1123 3891 1265 3955 fecundat
1281 3890 1357 3956 bde-

154 3997 239 4074 lium,
255 3999 393 4083 populus
409 3997 489 4061 adeo
506 4003 553 4062 est
568 3997 741 4069 adauctus,
760 3995 846 4078 Quod
865 3996 970 4060 eadem
987 3995 1111 4081 Capella
1128 3998 1166 4062 ob
1183 4001 1231 4062 sui
1249 4000 1356 4062 artitu·
1464 4033 1468 4038 ·

154 4107 253 4170 dinem
282 4126 340 4169 non
364 4109 482 4189 poterat
506 4104 590 4187 ipsos
608 4105 765 4169 commode
781 4106 955 4178 continere,
978 4128 1063 4172 rruuc
1078 4108 1189 4194 primu
1204 4109 1304 4173 Missa
1321 4109 1357 4173 iu

155 4434 229 4497 bura
243 4432 407 4495 terciamm
421 4429 641 4503 celebrabatur,
655 4430 743 4494 modo
757 4431 863 4495 cadam
875 4433 1038 4497 tercianam
1051 4434 1125 4497 bora
1143 4433 1315 4497 celebratur
1325 4434 1356 4496 in

30 4531 31 4562 ³
153 4541 276 4626 Capella
294 4539 393 4602 sancti
410 4538 512 4621 egidii
528 4542 596 4603 vice
613 4545 803 4604 commutata.
828 4542 900 4604 ltem
915 4540 1049 4606 Divinum
1068 4542 1162 4606 blisse
1179 4540 1311 4606 officium
1323 4541 1354 4604 in

30 4667 31 4748 ξ
158 4652 261 4718 ulturi
272 4657 383 4715 sancte
397 4649 568 4714 Trinitatis
584 4647 761 4726 celebranti,
778 4649 905 4713 cottidie
917 4654 1046 4733 quatuor
1058 4648 1207 4713 denarios.
1225 4649 1261 4712 lli
1273 4670 1356 4722 vero,
