3242 5350
324 508 372 577 118

321 685 437 747 infamia
461 685 676 747 incontiueucio
698 682 902 766 precedentis,
926 690 985 747 tum
1008 686 1100 747 eciam
1123 704 1159 747 ex
1181 684 1373 765 spiritualium
1394 684 1489 764 negli-

320 792 437 874 gencia,
454 811 510 875 qua
527 793 600 855 orrlo
623 792 702 855 beati
718 793 874 874 Augustini
890 798 948 854 tam
969 793 998 854 in
1015 792 1144 857 claustro
1162 793 1386 867 canonicorum,
1408 812 1489 875 quam

321 903 349 963 in
365 899 495 965 ecclesia
512 900 772 963 sanctimonialium
789 921 847 963 non
865 900 1054 964 mediocriter
1071 899 1218 984 collapsus
1234 900 1299 971 luit.
1323 907 1382 962 tum
1399 900 1491 963 eciam

321 1029 356 1071 cx
382 1008 601 1091 dilapidacione
628 1008 777 1071 amborum
806 1006 1002 1073 claustrorum
1031 1007 1248 1092 predictorum,
1277 1027 1363 1091 quam
1396 1007 1490 1072 oculis

319 1117 459 1189 vidimus,
485 1116 619 1180 manibus
642 1099 890 1181 contrectavimus
913 1118 953 1179 ita
976 1119 1090 1181 notoria
1114 1124 1176 1187 est,
1199 1116 1277 1201 quod
1300 1117 1378 1180 nulla
1393 1124 1493 1201 potest

319 1226 573 1306 tergiversatione
589 1224 690 1297 zelari,
704 1209 791 1310 quem
808 1224 965 1289 visibiliter
986 1231 1145 1289 extremam
1161 1225 1272 1287 ruinam
1293 1233 1323 1288 et
1338 1226 1493 1308 irrecupe-

320 1331 442 1396 rabilem
470 1333 610 1397 iacturam
638 1333 762 1395 minatur
789 1333 928 1395 ecclesiis
956 1333 1129 1405 antedictis,
1152 1334 1317 1397 invenimus
1343 1334 1490 1398 (lominum

322 1441 510 1506 lludmurunr
517 1441 712 1527 prepositum
720 1439 994 1523 Newnburgensem
1008 1443 1185 1506 antedictum
1198 1442 1234 1506 atl
1244 1442 1492 1523 gubernacionem

321 1547 574 1628 Newnbnrgensis
591 1549 719 1612 ecclesie
735 1549 960 1612 insufficientem
985 1554 1015 1613 et
1030 1549 1189 1613 inhabilem
1206 1570 1241 1613 ac
1255 1549 1388 1613 inutilem
1413 1556 1443 1610 et
1466 1550 1493 1610 in

321 1657 522 1740 spiritualibus
539 1662 570 1720 et
581 1655 795 1739 temporalibus
814 1657 1023 1740 negligentem,
1040 1679 1075 1723 ac
1091 1678 1126 1720 ex
1144 1657 1301 1722 commisso
1318 1658 1450 1740 periurio
1467 1664 1495 1719 et

320 1766 384 1826 aliis
396 1765 495 1828 causis
506 1785 606 1828 coram
620 1764 704 1828 uobis
717 1764 849 1848 probatis
860 1765 1038 1849 prelacionis
1052 1764 1162 1830 bonore
1179 1773 1209 1830 et
1222 1766 1320 1830 otl'rcio
1333 1764 1494 1847 indignum,

322 1873 444 1935 maxime
458 1893 524 1935 cum
541 1872 579 1936 de
595 1872 826 1937 emendaecione
850 1872 928 1938 nulla
945 1894 1015 1958 spes
1037 1880 1137 1938 esset:
1160 1877 1379 1959 propterquod
1397 1874 1496 1939 habito

321 1982 484 2064 sapientum
502 1984 630 2045 virorum
647 1979 772 2046 consilio
788 1982 924 2045 invocato
941 1980 988 2045 uei
1005 1983 1122 2046 nomiae
1137 2002 1207 2046 sana
1229 2003 1282 2068 pos
1306 1983 1494 2047 consciencia

321 2097 516 2173 perurgente.
537 2090 662 2154 eundem
680 2088 827 2154 domiuum
853 2090 1028 2154 llarlmarum
1048 2093 1238 2162 auctoritate,
1259 2112 1315 2176 qua
1334 2093 1494 2173 fungimus.

322 2198 506 2282 prepositura
521 2198 777 2280 Newnburgensis
805 2199 936 2262 ecclesie
954 2200 1103 2282 privamus
1123 2200 1151 2260 in
1175 2199 1233 2262 biis
1252 2201 1384 2284 seriptis,
1401 2202 1496 2283 ipsum

318 2306 727 2390 sentencialiterrleponimus
740 2312 770 2369 et
783 2305 963 2369 absolvimus
977 2306 1012 2370 ab
1026 2306 1129 2370 eadem
1143 2306 1331 2373 absolventes
1342 2309 1494 2372 Decanum

319 2424 349 2478 et
370 2415 553 2480 conventum
577 2414 852 2498 Newnburgensem
868 2426 897 2479 et
914 2415 986 2478 alios
1003 2434 1196 2501 quoscunque
1218 2416 1275 2480 sibi
1298 2417 1448 2499 obligatos
1464 2422 1494 2480 et

319 2522 459 2588 obnoxios
476 2547 491 2587 a
508 2545 560 2587 sua
577 2524 750 2588 obediencia
767 2532 797 2588 et
813 2524 984 2588 mandantes
1001 2524 1127 2597 eisdem,
1147 2530 1178 2589 ut
1195 2524 1301 2588 nullam
1319 2546 1354 2589 ex
1370 2547 1449 2589 nunc
1466 2528 1494 2589 in

318 2638 402 2696 antea
417 2638 586 2717 respectum
602 2633 632 2696 iu
649 2633 851 2718 spiritualibus
875 2638 905 2696 et
920 2632 1132 2717 temporalibus
1149 2632 1277 2698 habeant
1293 2632 1329 2697 ad
1352 2635 1492 2705 eundem,

318 2742 371 2806 sert
388 2741 444 2805 sibi
461 2763 515 2825 per
527 2741 704 2807 electionem
722 2745 893 2807 canonicam
908 2743 1084 2825 provideant
1096 2742 1134 2807 sle
1150 2743 1302 2825 preposito
1320 2750 1350 2805 et
1366 2743 1489 2825 prelato.

318 2850 391 2914 bata
414 2831 460 2914 est
479 2851 536 2914 bec
558 2852 713 2915 sentencia
736 2851 927 2933 Newnburge
950 2853 978 2914 in
1002 2851 1093 2916 choro
1114 2851 1305 2936 presentibus
1327 2851 1442 2915 decano
1463 2859 1493 2913 et

317 2963 462 3022 conventu
475 2958 713 3041 Newnburgensi
724 2962 878 3044 preposito
895 2959 1030 3044 predicto
1043 2980 1077 3023 se
1092 2979 1147 3043 per
1159 2960 1371 3024 contumaciam
1383 2958 1493 3023 absen-

318 3073 397 3130 tante
408 3066 492 3129 rlnuo
505 3067 620 3132 Domini
633 3066 765 3131 lt⁰uec⁰
776 3069 871 3151 primo
885 3068 958 3131 feria
975 3072 1058 3131 sexta
1075 3072 1143 3150 post
1157 3066 1264 3131 festum
1277 3065 1491 3150 penthecostes

317 3177 347 3237 ln
356 3195 478 3259 quorum
487 3176 688 3239 testimonium
697 3176 1224 3259 presentesdedimusliterasnostris
1237 3174 1344 3257 sigillis
1355 3177 1491 3238 munitas.

685 3320 701 3358 Ε
715 3318 845 3359 chartulario
860 3318 990 3359 urstisius.
1005 3319 1043 3358 iol.
1057 3318 1092 3357 60.
1105 3318 1126 3356 b.
1141 3318 1180 3356 uel
1194 3317 1285 3356 Obartal.
1301 3316 1333 3356 ll.
1347 3317 1384 3356 nr.
1399 3318 1434 3354 51.

284 3384 289 3392 ’
387 3426 433 3479 nrt
451 3425 672 3480 armorumue
690 3426 1012 3481 insusurraverunt„
1030 3427 1072 3479 uu
1085 3425 1202 3481 unarum
1214 3425 1313 3481 urseu.
1327 3425 1386 3479 nv.
1400 3444 1426 3497 p.
1440 3424 1491 3479 ros

318 3517 369 3569 und
389 3516 498 3572 lisebcr
515 3518 545 3571 ll.
565 3535 590 3588 p.
610 3516 663 3571 318
681 3516 706 3570 in
725 3516 892 3586 Verbinrluug
910 3534 941 3569 zu
959 3519 1057 3570 setzen.

839 3731 972 3803 LXXVl.

317 3886 450 3942 Stctutcu
462 3887 577 3986 deropn
588 3886 710 3959 Biaebof
723 3885 881 3941 Wcmlrord
917 3903 952 3942 ou
973 3886 1081 3940 Pascua
1099 3879 1293 3958 cospectelltea
1314 3883 1490 3940 v'tsiraroren

637 4015 695 4068 nst.
713 4013 939 4082 lllosterneuburg
957 4012 1001 4066 26.
1020 4013 1070 4067 llai
1089 4012 1168 4066 aaut.

405 4141 467 4206 Nos
480 4147 585 4227 frater
609 4142 807 4208 Cbru'stiurrue
831 4141 933 4206 dietus
952 4141 1054 4206 Abbus
1069 4142 1102 4205 iu
1121 4142 1207 4206 Collo
1223 4141 1429 4227 Arrpelorum,
1451 4139 1491 4202 Et

317 4250 485 4315 Elrlrurdus
506 4259 537 4314 et
563 4251 731 4316 Araneoicua
747 4251 800 4314 uei
819 4251 932 4337 prurio
947 4249 1133 4314 Sanctorum
1160 4249 1277 4335 l⁷politi
1297 4257 1329 4311 et
1349 4246 1494 4311 ltoriuui

319 4359 528 4423 bestesiacum
549 4358 723 4446 Prepositi,
752 4367 783 4423 et
810 4359 976 4430 (luctuosus,
999 4359 1154 4444 plebanus
1180 4357 1220 4420 dc
1245 4354 1489 4421 Dreascluirclrcn

319 4468 429 4532 luelite
444 4469 651 4531 Romanorum
666 4467 785 4555 Ropiuc
802 4467 1001 4554 Capelianus,
1022 4466 1201 4529 Wsitutores
1222 4487 1274 4527 seo
1291 4464 1491 4549 inquisitores

318 4599 337 4638 u
354 4577 534 4639 Reumcrrdo
557 4576 653 4639 Putre
674 4583 705 4639 ct
727 4576 859 4639 Durnium
885 4573 1093 4646 lll’rvrlcurdu,
1116 4573 1291 4636 caenobio·
1310 4571 1491 4635 Poturieosi

316 4686 471 4770 Episcopo
489 4687 532 4749 uel
546 4685 649 4748 omniu
664 4684 853 4748 morrustcrr'u
869 4684 1006 4747 srrlricetu
1023 4682 1221 4745 Putucr'crrsio
1236 4681 1387 4762 Dporcsr's
1406 4680 1489 4762 infru
