3242 5350
321 497 368 566 70

318 678 348 735 et
363 669 481 754 precise
495 668 675 741 mandamus,
692 674 723 733 rt
736 669 907 753 Propositus
920 668 1155 751 Nivuburgensis
1170 666 1239 731 illos
1255 666 1403 732 dumtaxat
1414 686 1492 730 eon·

318 779 443 842 siliarios
452 777 585 861 recipiat,
594 782 624 839 et
632 777 765 841 consiliis
776 776 918 841 innitetur
926 797 1038 850 eorum,
1054 797 1129 863 quos
1139 775 1198 839 sibi
1210 776 1351 845 Decanus
1361 780 1392 840 et
1407 773 1489 871 Cpa·

317 891 422 951 ventus
441 906 567 969 corpore
583 884 699 951 duxerit
720 884 919 970 deputandos.
937 905 991 969 pro
1002 905 1125 970 quorum
1142 884 1213 948 fidei
1225 884 1396 949 constancia
1416 903 1490 968 pre·

317 996 450 1078 sumpcio
460 995 623 1065 bonefacii,
635 1013 671 1057 eo
680 992 757 1077 quod
771 994 799 1056 in
808 994 942 1074 negociis
954 993 1103 1078 Prepesiti
1113 992 1444 1076 resagitureoruudem,
1457 995 1491 1054 et

316 1103 393 1190 quod
413 1105 472 1187 ipsi
485 1103 513 1167 in
530 1100 648 1165 Christo
660 1121 725 1166 cum
738 1101 893 1185 Proposito
906 1104 1086 1167 constituunt
1102 1121 1212 1185 corpus
1230 1120 1327 1164 vuum.
1345 1097 1489 1162 Volumus

316 1214 406 1285 enim,
419 1219 449 1276 vt
460 1212 556 1276 omnia
564 1208 688 1294 negocia
697 1209 869 1274 llonasterii
877 1211 906 1273 iu
914 1210 1005 1275 Domo
1011 1211 1161 1294 Prepositi
1172 1214 1203 1273 et
1214 1206 1283 1272 alibi
1292 1205 1490 1290 perClericos

316 1326 348 1385 et
358 1321 466 1384 fratres
480 1318 617 1384 lleclesie
628 1323 835 1401 procurentur.
848 1317 884 1381 Si
897 1325 993 1382 autem
1005 1317 1062 1401 ipsi
1074 1317 1229 1401 aliquando
1242 1318 1272 1381 in
1284 1315 1347 1379 suis
1360 1312 1487 1395 agendis

316 1428 487 1493 iudustriam
504 1427 702 1492 necessariam
719 1425 847 1492 habeant
868 1426 1026 1498 laicorum,
1049 1425 1127 1490 sicut
1144 1426 1173 1488 in
1190 1410 1342 1493 ridemiis,
1364 1439 1488 1503 semper

315 1543 413 1601 tamen
426 1536 462 1601 ad
474 1534 607 1599 Clericus
623 1538 769 1619 tamquam
780 1533 817 1597 ad
834 1534 1068 1619 principaliores,
1080 1553 1137 1597 nou
1153 1532 1189 1595 ad
1205 1529 1308 1603 laicos,
1327 1534 1489 1613 respectus

316 1646 478 1729 precipuus
491 1644 644 1708 habeatur.
653 1642 792 1707 Celerum
803 1644 872 1726 quia
886 1643 999 1708 racioni
1012 1641 1160 1706 eredimus
1171 1659 1347 1711 consonare,
1366 1642 1399 1700 vt
1408 1636 1490 1700 sicut

314 1751 451 1819 Ecclesia
462 1750 696 1832 Nivuburgeusis
709 1754 828 1815 ceteras
839 1749 993 1815 Ecclesiae
1008 1749 1121 1814 ordinis
1136 1750 1232 1819 sancti
1242 1745 1396 1829 Augustini
1413 1763 1489 1828 pre·

316 1860 518 1926 cellitdiviciis
530 1867 561 1924 et
573 1859 698 1929 honore.
709 1861 755 1923 sie
766 1860 896 1941 regulari
908 1858 1102 1924 observancia
1113 1878 1178 1922 cum
1191 1855 1282 1921 odore
1298 1861 1328 1917 et
1343 1853 1486 1938 preconio

314 1970 392 2034 boue
407 1970 486 2033 fame
502 1968 646 2052 precedat
661 1968 792 2032 easdem.
809 1967 948 2033 Volumus
964 1975 995 2031 et
1010 1967 1146 2031 districte
1158 1964 1338 2037 mandamus,
1350 1968 1382 2026 vt
1393 1962 1487 2026 abru-

314 2081 394 2160 gatis
420 2077 556 2142 omuibus
583 2079 693 2141 mensis
715 2078 844 2140 omnium
870 2076 1070 2149 cilicinarum,
1098 2080 1285 2159 preterquam
1312 2072 1486 2145 infirmarie,

314 2186 451 2251 [lecanus
467 2192 497 2250 et
513 2184 681 2251 Conventus
696 2185 726 2248 iu
742 2185 912 2249 llelectorio
927 2184 1013 2249 simul
1030 2182 1155 2249 sedeant
1169 2183 1206 2246 ad
1221 2200 1363 2254 mensam,
1378 2180 1487 2244 lectio·

314 2317 381 2361 nem
393 2295 521 2367 audiant,
538 2296 670 2360 ordinem
682 2293 760 2359 hene
775 2299 904 2366 servent,
921 2294 979 2358 nisi
994 2293 1031 2382 ad
1047 2312 1176 2358 mensam
1187 2292 1338 2375 Prepesiti
1353 2309 1486 2355 evocen-

314 2411 371 2479 tur,
384 2404 432 2469 vel
444 2403 549 2489 aliquis
564 2402 761 2468 ininfirmaria
772 2402 898 2468 uoluerit
913 2403 995 2468 refici
1011 2423 1160 2475 excausa,
1174 2400 1486 2466 illudliatdellecaui

314 2513 440 2578 licencia
452 2514 587 2597 speciali,
602 2532 660 2597 que
676 2511 800 2576 licencia
812 2513 927 2576 tociens
938 2516 1067 2596 petatur,
1079 2511 1222 2597 quociens
1234 2511 1340 2594 aliquis
1355 2508 1487 2573 soluerit

315 2621 365 2687 illa
385 2622 436 2686 rti.
458 2621 489 2686 lu
504 2642 562 2708 qua
583 2620 760 2708 prestanda,
781 2620 828 2685 vel
845 2641 916 2693 nou,
939 2620 1075 2686 Decauus
1096 2618 1233 2684 exhibeat
1252 2639 1287 2683 se
1311 2617 1484 2682 discretum.

317 2730 455 2794 Volumus
471 2730 564 2794 eciam
580 2738 610 2794 et
625 2729 794 2794 mandamus
807 2728 862 2793 sub
879 2730 988 2794 uirtute
999 2734 1102 2794 sancte
1118 2727 1295 2792 obediencie
1311 2733 1342 2790 et
1357 2725 1413 2790 sub
1424 2725 1490 2789 dis·

316 2838 426 2924 ciplina
441 2843 544 2902 sancte
559 2838 683 2922 llegule,
699 2845 732 2903 vt
752 2824 903 2919 Jejuuium
920 2840 949 2902 in
965 2839 1056 2903 sextis
1077 2838 1160 2902 seriis
1177 2837 1331 2908 hactenus,
1353 2843 1383 2898 vt
1398 2835 1493 2899 intel·

315 2947 534 3018 lenimusmals
549 2954 747 3019 servatum,et
762 2947 819 3011 alia
830 2946 964 3029 Jejuuia,
980 2948 1017 3012 ab
1029 2946 1165 3013 Ecclesia
1177 2952 1209 3011 et
1223 2946 1260 3010 ab
1276 2945 1379 3009 ordine
1390 2946 1489 3008 intro-

318 3057 406 3120 ducta
422 3063 453 3120 et
473 3061 647 3120 conservata
662 3056 872 3121 inviolabiliter
894 3055 1100 3122 observentur.
1125 3055 1159 3119 Si
1175 3061 1269 3119 autern
1291 3053 1434 3118 inanibus
1458 3057 1488 3117 in

317 3164 488 3229 lielectorio
515 3164 747 3229 extraordinarie
775 3163 971 3238 esculentum,
999 3166 1048 3230 rel
1073 3163 1263 3248 poculentum
1288 3164 1488 3233 ministretur,

317 3273 388 3337 illud
404 3274 524 3338 Decano
546 3279 733 3358 presentetur
753 3273 944 3340 dividendum
966 3273 1128 3339 secundum
1151 3273 1264 3338 ordinis
1279 3272 1423 3336 instituta.
1445 3273 1488 3335 lta

316 3391 423 3456 tamen,
436 3389 467 3447 rt
479 3382 581 3447 eedem
597 3381 742 3468 speciales
754 3382 992 3456 consolaciones,
1004 3403 1077 3470 quas
1090 3400 1144 3466 pro
1160 3381 1341 3446 necessitate
1362 3375 1487 3444 lrahum

315 3489 381 3555 lieri
401 3492 614 3574 permittimus,
636 3512 693 3554 uon
709 3492 740 3554 iu
755 3491 899 3575 speciali,
921 3492 1022 3556 sedin
1042 3491 1168 3575 coquina
1189 3469 1335 3555 communi
1357 3487 1490 3554 debcant

315 3599 478 3681 preparari.
495 3599 567 3662 ltem
583 3618 649 3661 com
665 3600 921 3663 constantissimus
937 3600 966 3663 in
982 3596 1100 3662 Christo
1115 3603 1202 3682 pater
1221 3597 1390 3661 bonifacius
1407 3598 1488 3681 Papa

315 3705 444 3797 Octavus
464 3705 542 3770 inter
563 3713 665 3770 cetera
686 3706 741 3770 sub
763 3727 838 3791 peua
863 3706 1189 3778 excommunicacionis,
1210 3725 1297 3789 quam
1314 3711 1487 3786 transgres-

312 3836 398 3879 sores
414 3814 547 3879 incidere
560 3815 652 3878 roluit
663 3815 729 3899 ipso
741 3815 832 3889 facto,
844 3815 961 3880 duxerit
976 3813 1174 3887 statuendum,
1189 3819 1221 3877 vt
1232 3833 1334 3878 omnes
1349 3813 1487 3896 religiosi

315 3942 552 4007 quorumcunque
579 3922 713 3988 ordinum
739 3924 864 3987 eundern
892 3923 1022 3986 habitum
1051 3921 1196 3994 delerant,
1223 3940 1308 4006 quem
1334 3922 1488 3986 solantia

315 4031 444 4094 claustro
459 4035 591 4111 gestare,
607 4031 764 4094 statuimus
782 4031 837 4095 sub
849 4031 992 4115 premissa
1003 4051 1090 4114 pena,
1107 4035 1138 4093 vt
1149 4029 1323 4113 Propositus
1339 4037 1369 4094 et
1381 4050 1487 4095 omues

311 4139 452 4205 Canonici
460 4138 713 4221 Nivmburgeuses
721 4139 871 4220 abrogatis
884 4139 1090 4224 scapularibus
1103 4145 1133 4202 et
1141 4139 1239 4223 palliis
1256 4138 1387 4203 abusivis
1400 4146 1485 4204 extra

311 4249 471 4313 claustrum
484 4247 627 4313 ordinatis
640 4247 750 4332 Cappis
766 4248 913 4322 incedant,
925 4247 1016 4332 pillea
1027 4247 1122 4333 ampla
1134 4253 1164 4310 et
1178 4247 1304 4311 rotunda
1321 4248 1400 4328 nigri
1416 4255 1486 4312 tau·

311 4366 372 4424 tum
398 4355 507 4420 coloris
528 4355 593 4419 sine
608 4355 740 4439 qualibet
760 4356 879 4420 zendati
894 4357 1040 4420 forratura
1061 4363 1092 4421 et
1107 4355 1180 4419 alias
1201 4356 1322 4419 abusiva
1344 4356 1485 4422 delaturi.

310 4466 420 4531 Omnes
440 4464 518 4529 domi
540 4464 701 4529 existentes
727 4465 756 4527 in
784 4465 956 4529 dormitorio
977 4464 1064 4528 simul
1087 4463 1246 4536 dormiant,
1269 4472 1300 4526 et
1327 4464 1426 4529 nullus
1453 4468 1484 4531 in

309 4576 437 4639 Ciuitate
461 4577 637 4658 pernoctare
659 4572 706 4637 vel
728 4572 888 4637 comedere
910 4572 1035 4644 audeat,
1055 4573 1101 4638 rel
1123 4571 1160 4635 ad
1176 4571 1293 4657 nuptias
1314 4579 1371 4636 tam
1394 4575 1485 4647 dorni,

308 4699 394 4769 quam
411 4683 541 4747 Wienne
556 4684 659 4746 uenire
684 4687 844 4764 presumat,
867 4680 913 4745 vel
936 4681 1060 4766 aliquam
1076 4682 1215 4746 feminam
1230 4681 1260 4743 in
1276 4680 1414 4755 Ciuitate,
1436 4686 1485 4750 rel
