3242 5350
1229 496 1303 569 107

131 673 259 739 ecclesie
272 671 399 738 salutem
416 681 446 739 et
461 676 608 740 sinceram
622 676 654 740 in
671 675 789 741 domiuo
807 674 975 739 karitatem.
1004 672 1076 739 Cum
1093 673 1169 738 ides
1185 680 1308 758 aposto·

130 783 183 845 lica
198 781 372 865 periculoso
390 788 422 848 et
444 783 617 849 detestabili
634 783 805 848 ldonialium
829 785 930 860 statui,
947 785 997 869 qui
1018 790 1101 847 extra
1127 803 1179 846 sua
1203 802 1306 846 mona·

130 891 219 955 steria
241 911 440 976 menumquam
461 914 515 978 per
537 893 705 957 habitacula
722 891 900 956 secularium
919 912 1113 977 personarum
1129 891 1308 959 discurrunt.

128 997 288 1083 previdere
319 1002 446 1085 cupiens
474 1003 611 1065 statuerit
642 1001 861 1066 constitucione
895 999 1146 1083 irrefragabiliter
1173 998 1307 1069 valitura.

130 1108 284 1173 mirersas
310 1130 346 1174 ac
363 1109 498 1193 singulas
514 1111 657 1174 moniales
673 1116 831 1197 presentes
853 1114 942 1194 atque
963 1108 1077 1173 futuras
1096 1110 1308 1193 cuiuscumque

128 1217 185 1280 sint
199 1217 362 1299 religionis
378 1216 426 1282 vel
443 1217 554 1282 ordinis
571 1218 796 1304 inquibuslibet
812 1219 911 1284 muudi
928 1219 1061 1304 partibus
1074 1219 1236 1284 existentes
1252 1215 1308 1280 sub

129 1335 276 1410 perpetua
294 1326 435 1392 clausura
456 1329 486 1391 iu
509 1327 572 1390 suis
588 1330 775 1393 monasteriis
804 1327 917 1393 debere
933 1327 971 1392 de
992 1334 1095 1393 cetero
1123 1346 1309 1413 permanere,
1403 1344 1405 1349 ’

129 1437 265 1520 exceptis
283 1439 375 1501 certis
389 1435 519 1510 casibus,
535 1458 658 1523 quorum
675 1438 793 1524 quidam
810 1445 926 1503 vestras
942 1439 1085 1503 moniales
1101 1458 1160 1503 non
1176 1442 1309 1518 tangunt,

126 1544 309 1631 quidamque
325 1567 392 1611 raro
403 1548 587 1628 contingunt,
605 1553 635 1610 et
650 1545 722 1610 alibi
737 1553 861 1612 cavetur
876 1544 1046 1633 (cantatur)
1064 1546 1205 1631 subpena
1220 1565 1310 1609 exco-

127 1655 356 1727 munieacionis‚
373 1677 411 1720 ne
427 1655 466 1719 de
482 1660 584 1721 cetero
603 1656 709 1743 aliquis
725 1658 941 1742 quamcumque
961 1657 1137 1741 religionem
1154 1656 1246 1720 tacite
1262 1652 1310 1716 vel

125 1784 272 1847 expresse
292 1766 449 1848 professus
478 1766 509 1828 iu
531 1764 622 1830 scolis
638 1766 685 1830 vel
703 1766 772 1829 alibi
794 1772 909 1830 temere
931 1766 1062 1831 habitum
1080 1786 1133 1830 sue
1149 1764 1305 1847 religionis
1333 1824 1335 1829 .

126 1871 268 1945 dimittat,
285 1874 448 1938 dileccioui
464 1880 565 1939 vestre
580 1875 610 1937 iu
626 1875 735 1940 virtute
751 1881 856 1939 sancte
873 1874 1049 1940 obediencie
1062 1873 1187 1939 firmiter
1199 1874 1307 1938 comit·

128 1984 215 2046 timus
243 1990 274 2046 et
296 1982 434 2048 districte
455 1984 642 2056 mandamus,
667 1991 812 2070 quatenus
837 1985 918 2048 circa
940 1989 1118 2049 conventum
1142 1983 1311 2048 Monialium

127 2090 212 2155 robis
228 2091 434 2156 subiectarum
451 2092 586 2158 mandata
603 2086 767 2178 apostoliea
785 2094 946 2179 diligenter
967 2095 1114 2159 servaturi
1132 2114 1168 2157 ex
1184 2111 1263 2156 nune
1279 2092 1309 2154 in

129 2206 215 2265 autea
232 2201 346 2264 nullam
362 2201 401 2265 de
422 2204 530 2266 restris
548 2204 689 2267 emittatis
706 2204 753 2268 rel
770 2205 853 2268 exire
870 2203 975 2267 sinatis
991 2202 1179 2273 monialibus,
1205 2203 1234 2264 iu
1250 2220 1309 2286 quo

130 2330 225 2394 usque
242 2330 298 2373 res
314 2310 480 2395 deliquisse
496 2314 700 2394 eognovimus,
717 2314 784 2377 sine
799 2320 902 2377 nostra
914 2311 1039 2377 licencia
1056 2309 1192 2395 speciali,
1209 2314 1312 2393 utpote

129 2420 176 2503 qui
192 2418 235 2480 de
252 2438 344 2483 eausa
361 2418 538 2494 huiusmodi,
555 2428 653 2485 utrum
669 2423 708 2487 sit
724 2422 918 2486 racionabilis
933 2443 987 2507 pro
1004 2420 1055 2486 tali
1072 2423 1162 2493 exitu,
1178 2439 1310 2501 eognos-

128 2548 199 2592 cere
224 2528 362 2592 rolumus
390 2529 500 2595 iudicio
523 2531 663 2596 racionis.
697 2531 802 2596 Datum
822 2531 1010 2617 Ebelspercb
1040 2531 1122 2595 Anno
1144 2531 1229 2592 Dom.
1256 2527 1309 2591 bl⁰.

131 2633 231 2701 CCC⁰.
249 2637 378 2722 septimo
395 2636 459 2700 Kal.
476 2636 556 2704 lolii.

221 2760 283 2812 orig.
304 2762 366 2813 Perg.
390 2761 452 2817 (Περ.
467 2762 513 2804 Vct.
533 2765 569 2804 llr.
583 2764 603 2802 4.
625 2765 663 2807 tol.
679 2763 716 2818 38)
740 2766 780 2804 und
800 2765 892 2809 chartul.
912 2766 994 2807 trebiri
1008 2767 1044 2807 lll.
1067 2767 1103 2805 iol.
1120 2767 1166 2808 llll.
1189 2766 1209 2805 b.
1234 2766 1276 2806 Das
1290 2779 1313 2805 a·

130 2833 194 2874 dum
209 2834 422 2885 rag-mentando·
437 2835 542 2887 birgcade
556 2836 627 2888 Biegrl
642 2837 671 2877 int
685 2838 804 2890 abgeblldrt
819 2838 853 2879 bei
868 2840 936 2879 llrbrr
959 2839 1009 2879 rae.
1024 2838 1064 2879 llll.
1079 2839 1115 2879 llr.
1130 2839 1149 2878 s.

221 2925 272 2978 Die
289 2925 413 2980 Urliuude
431 2927 535 2981 beziebt
552 2928 608 2981 nich
628 2929 675 2982 aui
686 2927 793 2983 Bonitas
805 2929 870 2983 lllll.
883 2930 1059 2985 constitution
1071 2946 1129 2984 vom
1140 2929 1219 2983 Jabrc
1233 2928 1313 2988 1298,

131 3016 234 3070 releba
242 3016 290 3070 mit
300 3016 471 3070 demWerte=
483 3018 633 3073 Periculose
646 3019 754 3089 begiunl
768 3019 947 3090 (Tibllllldo
960 3023 1021 3074 stat
1029 3020 1120 3090 llcgul.
1128 3019 1153 3072 io
1162 3019 1202 3073 lll.
1211 3020 1241 3075 C·
1253 3019 1312 3089 uu.)

130 3107 181 3160 und
194 3125 246 3161 rou
257 3107 319 3162 dem
331 3106 421 3162 concil
433 3127 464 3161 uu
478 3109 571 3164 Trient
583 3113 706 3166 erneuert
718 3110 816 3165 wurde.
838 3111 925 3183 (Sese.
939 3112 1013 3166 XXV.
1033 3111 1098 3181 Cap.
1112 3110 1157 3180 V.)

668 3301 775 3381 CXV.

133 3440 229 3497 eom
247 3457 304 3496 von
323 3439 526 3497 Miebelslctten
542 3443 600 3511 gibt
618 3441 680 3498 dem
692 3443 781 3516 stine
793 3444 858 3499 ἄνεί
869 3445 1012 3519 Hofsttitte
1023 3461 1060 3498 aa
1073 3442 1315 3511 Klosterueubnrq

362 3532 414 3586 mit
436 3529 582 3588 Voroetalt
602 3534 650 3588 des
668 3535 921 3605 lebeuslcinglicben
943 3534 1087 3591 Genusses.

439 3641 497 3696 Dat.
516 3643 743 3714 lllosterucuburg
760 3646 786 3699 3.
804 3645 910 3715 August
929 3645 1007 3700 1307.

222 3748 274 3823 leb
292 3760 389 3825 leber
402 3781 463 3825 oon
476 3762 694 3828 Miebelsteten
708 3801 751 3810 -
774 3763 830 3827 daz
853 3764 901 3827 ich
926 3764 993 3828 dem
1010 3783 1144 3828 ersameu
1167 3760 1316 3827 Gotshaus

136 3888 223 3931 ruser
244 3888 349 3932 rrown
372 3890 408 3932 ze
430 3868 623 3934 Newnburolr
645 3871 696 3954 gib
718 3873 776 3936 und
800 3872 941 3955 gegeben
972 3873 1030 3936 ban
1058 3872 1171 3936 moines
1191 3872 1314 3935 recbteu

137 3979 239 4059 algens
265 3978 340 4041 drei
365 3976 509 4061 hofstete,
532 3980 568 4043 di
592 3981 635 4043 de
652 3981 756 4044 selben
779 4003 816 4045 ee
831 3982 1029 4048 Newnboreb
1056 3982 1196 4065 eusdem
1215 4002 1315 4069 anger

134 4088 263 4173 yeleqen
277 4086 353 4158 mot,
371 4085 407 4150 da
424 4107 481 4150 von
498 4106 564 4150 man
580 4088 681 4153 dicuat
697 4088 755 4152 alle
771 4091 817 4152 iar
833 4112 868 4154 ze
884 4097 951 4154 sant
966 4091 1093 4154 blichels
1109 4097 1161 4173 lag
1176 4091 1242 4154 bul
1255 4091 1312 4155 rud

136 4194 266 4258 riernicb
288 4193 442 4278 pheuning
463 4195 577 4258 wiener
601 4215 724 4260 munnae
748 4199 800 4262 mit
829 4219 862 4263 so
887 4198 1033 4281 gethaner
1055 4199 1312 4271 bescbaideubeit,

136 4303 187 4367 daz
202 4304 255 4368 ich
271 4303 301 4367 di
317 4302 423 4367 selben
441 4303 555 4368 holstet
570 4306 640 4368 inne
658 4305 703 4369 sol
720 4306 819 4370 baben
835 4327 910 4373 unca
926 4328 962 4372 an
978 4314 1097 4372 meioeu
1113 4308 1315 4372 tot.-Diser

137 4412 214 4495 priel
232 4412 272 4475 ist
294 4411 436 4495 gegeben
465 4434 502 4477 ee
522 4413 718 4480 Newndnrelr
740 4415 777 4479 da
802 4416 881 4480 uach
902 4416 1040 4481 Christos
1062 4423 1189 4502 gepurte
1212 4437 1313 4480 waren

138 4521 325 4585 dreuczeben
355 4520 484 4586 bundert
514 4522 558 4586 iar
587 4522 641 4586 dar
675 4525 751 4589 uach
780 4525 810 4589 in
841 4526 908 4590 dem
936 4525 1081 4591 sibenden
1108 4528 1154 4591 iar
1181 4548 1217 4590 au
1248 4535 1314 4589 sant

140 4630 284 4715 Stephane
299 4634 353 4712 tag
368 4628 412 4692 als
428 4629 575 4695 eriuuden
591 4641 675 4697 wart.

816 4742 832 4781 li
848 4741 979 4783 chartulario
993 4740 1124 4783 archisius.
1139 4743 1176 4781 lol.
1191 4743 1225 4783 ln.
1241 4754 1260 4788 ι.
