3242 5350
1249 502 1328 578 465

131 693 208 758 licet
232 691 418 757 [rudoricum
439 696 470 757 et
492 691 679 777 Stephanum
703 692 874 757 antedictos
897 692 934 756 lis
959 697 991 757 et
1014 694 1133 778 questio
1157 700 1331 761 moveretur

130 803 174 867 cle
198 802 302 867 oltmi
321 823 347 866 s.
363 801 496 890 Apoetis
521 821 575 866 ser
592 799 735 886 Cappella
750 804 782 865 in
803 799 915 865 ambitu
932 800 1011 865 bion.
1035 800 1162 865 Newnb.
1186 803 1331 867 antedicti

130 913 257 983 situato,
273 907 353 994 quod
369 912 417 975 vel
432 928 520 995 quam
536 909 635 973 dictus
645 907 817 974 Ludoricus
830 909 950 975 virtuale
961 911 1075 997 prucis
1089 909 1147 973 sibi
1161 931 1217 994 per
1232 911 1330 974 domi-

130 1038 202 1081 num
222 1036 329 1102 papam
345 1016 551 1101 supradictum
568 1017 602 1081 in
613 1020 720 1102 formo
729 1038 912 1106 pauperum
929 1016 967 1081 ud
983 1019 1177 1083 collacionem
1194 1019 1241 1082 vel
1255 1039 1328 1103 pre-

130 1127 341 1191 sentacionem
358 1123 496 1189 eiusdem
511 1123 624 1188 domini
639 1124 786 1209 prepositi
809 1126 890 1191 tacte
906 1144 973 1190 cum
989 1126 1046 1190 istu
1062 1127 1213 1200 clausula,
1229 1127 1256 1190 si
1271 1126 1330 1191 sibi

131 1234 244 1298 virtute
261 1232 396 1298 eiusdem
412 1232 517 1315 gracie
532 1232 571 1296 de
588 1234 654 1296 iure
671 1231 853 1306 deberetur,
877 1240 967 1319 prout
983 1234 1014 1297 in
1030 1234 1231 1298 instrumento
1248 1235 1328 1299 eius·

131 1342 203 1404 dem
224 1340 417 1425 aceepcionis
437 1341 547 1404 clarius
570 1345 697 1424 apparet
719 1340 792 1404 alias
813 1341 998 1425 acceptarit,
1026 1348 1056 1406 et
1078 1342 1147 1427 quia
1167 1342 1290 1427 publice
1311 1363 1329 1406 a

131 1448 270 1534 pluribus
297 1449 357 1515 fide
380 1449 480 1530 dignis
503 1447 679 1512 dicerentur
700 1451 732 1511 et
744 1447 864 1533 publica
885 1468 941 1513 vox
957 1448 996 1513 de
1013 1449 1071 1514 hoc
1089 1456 1172 1515 esset
1193 1455 1225 1515 et
1238 1453 1327 1525 sama,

130 1558 212 1642 quod
225 1559 322 1642 ipsum
330 1556 433 1620 Altare
448 1554 654 1639 serCappella
670 1557 835 1640 sdgnetis
851 1556 1057 1642 supradictum
1072 1559 1132 1623 tole
1149 1558 1329 1624 beneficium

133 1686 194 1730 non
215 1671 316 1737 esset,
340 1664 420 1750 quod
445 1663 556 1730 cadere
576 1668 682 1748 posset
703 1664 760 1729 snb
784 1666 887 1750 gracia
910 1668 1074 1750 apostolica
1097 1668 1271 1752 supradicta
1293 1663 1339 1732 ac'

133 1775 230 1839 eciam
255 1774 355 1839 taliter
376 1777 475 1848 esset,
499 1791 555 1858 per
578 1772 730 1837 dominum
766 1820 774 1836 .
806 1817 814 1833 .
851 1773 1020 1840 Officialem
1037 1774 1128 1840 Curio
1143 1775 1328 1841 Patariensis

132 1883 392 1948 Subexecutorem
408 1881 514 1964 gracie
536 1881 673 1966 predicte
688 1880 874 1946 ludicialiter
896 1883 1097 1958 declaratum,
1121 1889 1267 1968 quatenus
1290 1884 1327 1948 ad

133 1992 343 2057 certitudinem
359 1989 528 2075 pleniorem
543 1993 628 2074 ipsos
644 1989 683 2055 de
701 1993 768 2075 ipso
783 1991 878 2056 ditari
895 2013 950 2057 ser
967 1991 1090 2077 Capella
1106 1994 1218 2058 clarius
1231 1993 1327 2057 inier-

132 2104 237 2164 maret.
263 2099 322 2182 Qui
349 2097 471 2184 quidem
498 2098 635 2163 dominus
663 2099 836 2183 prepositus
863 2100 1034 2166 antedictus
1062 2101 1129 2166 vice
1155 2105 1186 2164 et
1207 2099 1328 2163 nomine

130 2207 253 2293 prestiti
276 2206 435 2271 iuramenti
456 2206 530 2269 dixit
551 2205 673 2291 publice
696 2207 892 2290 protestando
915 2207 995 2293 quod
1017 2209 1130 2274 dietum
1145 2208 1248 2272 Altare
1271 2226 1327 2271 sev

132 2316 278 2402 Coppelle
302 2321 407 2380 sancte
422 2314 549 2398 Agnetis
573 2335 720 2400 nunquam
747 2321 888 2380 vacasset
910 2337 966 2381 nec
983 2316 1079 2382 adhuc
1095 2321 1233 2391 vacaret,
1258 2336 1327 2402 ymo

131 2430 162 2489 et
186 2443 288 2511 neque
308 2421 487 2489 beneficium
512 2421 755 2487 ecclesiasticum
777 2428 859 2488 esset
880 2444 917 2487 ex
933 2442 969 2488 eu
992 2430 1023 2488 et
1038 2444 1094 2508 pro
1112 2444 1164 2498 eo,
1187 2426 1256 2509 quia
1273 2423 1329 2487 ali·

132 2534 202 2619 quis
230 2531 407 2617 prepositus
434 2530 568 2597 ecclesie
595 2530 875 2615 Nen’nburgensis,
910 2552 964 2596 sev
992 2533 1158 2617 prepositi,
1194 2533 1244 2617 qui
1272 2552 1327 2617 pro
1441 2528 1447 2538 '

131 2647 271 2727 tempore
295 2641 422 2713 tuerint,
446 2640 544 2725 ipsum
565 2637 668 2704 ditare
691 2659 746 2703 scr
761 2638 937 2724 uappetlan
962 2645 1066 2706 sancte
1088 2640 1214 2725 Agnetis
1230 2660 1246 2704 a
1263 2642 1328 2725 pri·

130 2771 216 2816 mero
245 2770 300 2816 sue
328 2749 517 2814 fundacionis
539 2766 690 2831 nunquam
713 2746 802 2812 alicui
826 2748 937 2813 homini
959 2770 1013 2813 sen
1031 2770 1164 2833 persone
1179 2749 1328 2834 spirituali

129 2856 177 2921 rel
194 2857 327 2921 seculari
343 2856 522 2921 contulisset
538 2854 587 2919 rel
603 2854 818 2928 contulissent,
844 2875 943 2940 neque
965 2856 1188 2939 providissent,
1211 2876 1279 2942 ymo
1298 2862 1329 2921 et

130 2987 230 3053 neque
253 2965 290 3030 ad
314 2967 411 3050 ipsam
428 2964 631 3029 instituissent
647 2964 694 3029 rel
711 2970 959 3050 presentassent,
984 2967 1054 3051 qnia
1076 2971 1189 3030 lantum
1211 2966 1327 3035 benefi-

131 3077 208 3140 cium
225 3080 309 3139 esset
325 3072 462 3137 manuale
487 3077 519 3138 et
535 3073 699 3137 elemosina
715 3073 859 3158 simplex,
884 3079 915 3138 et
930 3076 1000 3159 quia
1016 3079 1076 3137 tem
1093 3075 1160 3157 ipse
1177 3093 1265 3159 quam
1280 3075 1325 3139 sui

130 3183 367 3267 predecessores
384 3180 526 3246 videlicet
543 3181 690 3265 prepositi
706 3181 852 3246 antedicti
868 3187 1099 3247 consueverunt
1113 3183 1209 3266 ipsum
1226 3183 1327 3246 ditare

131 3314 184 3358 ser
201 3290 375 3378 Cappellam
393 3310 461 3356 cnm
477 3290 573 3377 ipsius
590 3291 786 3375 pertinenciis
809 3290 969 3376 aliquunde
995 3292 1045 3357 vni
1062 3293 1100 3356 de
1117 3292 1179 3357 suis
1196 3291 1326 3357 Canoni-

130 3402 185 3475 cis,
203 3398 365 3486 aliquando
381 3420 454 3465 nero
471 3399 642 3483 presbitero
659 3397 791 3464 seculari
815 3400 852 3464 ad
870 3398 1011 3484 placitum
1029 3401 1161 3486 ipsorum
1179 3404 1210 3464 et
1225 3400 1326 3464 cuius-

129 3509 204 3574 libet
221 3507 384 3573 eorundem
401 3511 590 3573 committere
607 3508 643 3572 ad
661 3508 848 3591 regendum,
872 3514 903 3573 et
918 3510 998 3594 quod
1015 3508 1187 3574 babuerunt
1201 3513 1233 3573 et
1247 3509 1328 3594 quod

131 3616 229 3681 adhuc
266 3615 378 3681 habeat
412 3616 586 3681 facultatem
615 3622 646 3680 et
673 3615 800 3680 liberam
827 3620 1026 3702 potestatem,
1053 3622 1204 3682 rectorem
1233 3616 1328 3700 ipsius

130 3726 243 3790 Allaria
259 3745 314 3789 ses
329 3730 467 3790 rectores
484 3725 657 3811 deponendi
679 3745 733 3791 ser
749 3724 949 3803 destituendi,
971 3726 1067 3790 eciam
1084 3724 1162 3810 quod
1180 3725 1277 3808 possit
1293 3746 1329 3789 ex

130 3836 195 3918 ipsa
225 3831 367 3919 cappella
394 3835 500 3899 facere
521 3835 726 3900 Leontorium
752 3834 791 3899 ad
818 3835 914 3918 ipsius
938 3832 1017 3898 ldon.
1041 3833 1215 3906 utilitatem,
1243 3833 1270 3897 si
1298 3838 1330 3895 et

131 3940 251 4027 quando
282 3942 447 4027 placuerit,
484 3942 654 4028 dictamque
686 3941 926 4007 declaracioncm
957 3942 1024 4004 sore
1052 3943 1084 4003 et
1111 3960 1180 4004 esse
1212 3940 1328 4013 iustam,

36 4040 40 4045 ’
134 4050 298 4116 occasione
314 4052 540 4134 premissorum.
565 4051 669 4116 Eciam
685 4048 898 4132 subiungeudo
915 4049 1005 4123 dixit,
1030 4047 1110 4133 quod
1135 4048 1233 4112 eidem
1258 4048 1331 4113 Ste-

132 4159 229 4242 phano
245 4157 366 4244 aliquod
381 4160 628 4244 impedimentum
640 4159 670 4221 in
684 4157 872 4242 acceptando
889 4156 1074 4222 beneficium
1087 4156 1329 4221 ecclesiasticum

133 4269 245 4331 virtute
260 4268 365 4349 gracie
381 4268 548 4351 apostolice
565 4266 623 4331 sibi
638 4268 719 4331 tacte
727 4267 840 4330 inferre
856 4287 915 4330 non
927 4266 1101 4330 intenderet
1117 4284 1215 4347 neque
1227 4262 1329 4329 vellet·

133 4375 234 4460 Super
250 4374 359 4460 quibus
376 4375 512 4440 omnibus
529 4382 559 4440 et
580 4375 708 4457 singulis
731 4375 890 4459 premissis
907 4373 1088 4439 budewicus
1106 4378 1137 4437 et
1153 4372 1328 4456 Stephanus

136 4482 302 4568 supradicti
319 4483 378 4550 sibi
394 4505 450 4570 per
462 4504 511 4549 me
522 4482 679 4550 Notarium
691 4484 845 4570 publicum
858 4482 1063 4567 subscriptum
1079 4502 1168 4547 vnum
1184 4481 1231 4545 nel
1244 4482 1331 4565 plura

135 4592 296 4675 pecierunt
311 4591 431 4676 publica
444 4591 553 4657 confici
569 4594 769 4658 Instrumenta
782 4592 910 4656 omnium
920 4591 1113 4674 presencium
1129 4591 1330 4654 testimonium

137 4699 315 4766 invocando.
332 4702 407 4766 Acta
420 4708 491 4768 sunt
503 4701 560 4766 hec
572 4702 604 4769 in
614 4700 810 4784 Newnburga
828 4700 978 4766 antedicta
995 4700 1029 4764 in
1044 4698 1196 4764 Estuario
1212 4698 1334 4764 domini

169 4841 272 4888 sonno.
293 4845 350 4889 xrv.
1100 4824 1136 4878 3⁰
