3242 5350
1278 486 1329 560 bb

146 661 282 726 lacobus
304 661 346 725 de
365 660 460 745 bopo,
479 661 662 727 Cbcnrodus
677 661 839 734 orbotscb,
862 661 1021 727 Dittricus
1041 662 1082 727 dc
1103 664 1198 728 Calvo
1218 670 1331 737 monte,

148 767 333 834 Cbcnrcdos
348 770 389 834 de
402 772 531 844 Belem,
547 772 718 837 Hor‘nricus
737 771 776 835 dc
788 771 1011 859 proptenceld,
1023 770 1197 855 fridericus
1212 772 1330 837 nodio·

145 901 227 949 ron,
256 877 376 945 Vir-ieros
398 880 439 944 dc
461 881 598 967 quinque
620 881 775 957 ecclesiis,
798 880 952 964 Pitrolfss
975 881 1091 953 moto,
1107 879 1332 946 Etorcbondus

146 986 416 1075 (Stcrcbnndus)
432 989 471 1052 de
486 989 643 1074 Nuntios-f,
663 988 873 1054 wernbordos
891 989 1030 1066 nebim,
1045 989 1184 1054 Morboto
1200 995 1231 1052 ct
1245 1009 1330 1074 quaro

145 1096 308 1181 piuresaiii
317 1096 378 1163 tide
391 1098 481 1179 digni.
495 1098 601 1162 Datum
613 1117 690 1161 auno
700 1098 808 1161 donnini
821 1098 863 1161 br
869 1096 929 1160 CC·
937 1097 1095 1161 LXXXVI?
1107 1098 1156 1162 tv.
1168 1096 1237 1161 idus
1248 1097 1329 1162 Juiii.

198 1223 260 1275 orig.
275 1225 338 1274 Pers.
355 1220 416 1276 (ssep.
431 1222 475 1265 Yet.
490 1223 526 1265 nr.
546 1222 567 1268 8,
581 1221 618 1264 nt.
632 1219 731 1274 22³.)tn
749 1221 955 1271 regnae-ouum
965 1222 1042 1273 bingen
1060 1221 1094 1261 die
1112 1222 1192 1262 bisiae·
1209 1222 1330 1274 nutaretur

144 1298 180 1336 der
190 1297 260 1336 &he
271 1298 387 1337 Ottn'sren
397 1296 502 1347 itenbnrg.
519 1296 567 1335 otto
578 1295 617 1334 nd
632 1293 709 1340 neimo.
723 1294 758 1334 die
771 1295 850 1335 Binder
865 1295 931 1334 rnre·
946 1294 966 1334 in
980 1294 1026 1334 eine
1040 1295 1095 1334 Eeb·
1110 1306 1229 1341 neuneu.
1244 1295 1283 1335 orie
1297 1294 1330 1336 bei

144 1372 214 1410 nuber
228 1371 281 1411 st.
299 1369 352 1414 xlv,
366 1371 400 1410 Νι.
416 1369 449 1414 23,
464 1369 504 1407 und
518 1368 562 1408 sind
577 1367 613 1407 nit
627 1368 671 1407 cirri
687 1366 712 1406 irrr
726 1367 814 1406 Dreieeb
829 1366 938 1418 gesteitteu
955 1367 1047 1407 bitrem
1062 1368 1202 1420 preb-netu,

217 1478 292 1533 Nscb
310 1478 404 1532 Lanius
421 1477 482 1532 bier.
502 1477 593 1531 Visun.
611 1478 640 1531 b.
653 1477 695 1539 tv,
714 1496 739 1549 p·
754 1477 815 1539 tac,
835 1476 908 1529 batte
922 1475 983 1530 Otto
995 1493 1045 1530 von
1056 1475 1195 1548 Neuburg.
1215 1476 1263 1531 der
1275 1477 1330 1532 sich

142 1573 214 1625 auch
227 1570 292 1625 Otto
310 1567 441 1623 Huimouis
454 1572 549 1622 uannte
566 1568 618 1622 und
632 1568 679 1622 dor
692 1566 814 1621 Grunder
827 1567 875 1620 der
889 1567 994 1621 Wiener
1009 1567 1269 1639 salvatore-Capeno
1288 1567 1330 1629 ist,

143 1663 225 1716 nebst
237 1660 330 1714 diesen
343 1661 438 1715 beiden
452 1660 558 1713 Sbbnen
572 1660 637 1713 noch
652 1659 727 1713 einen
741 1658 846 1720 dritten,
859 1657 970 1712 Namens
982 1658 1108 1713 lierraud.

691 1883 786 1954 XLii.

142 2046 242 2101 scunt
260 2044 309 2099 des
329 2043 603 2112 Klorternertbrrrper
621 2041 747 2115 Capitale
765 2042 834 2097 aber
854 2042 905 2097 dos
929 2041 1029 2098 Verbot
1052 2043 1101 2098 des
1124 2041 1329 2117 Wstrfclspiclr.

533 2170 592 2226 nat.
610 2170 836 2240 Klosternsuburg
863 2170 941 2225 1289.

230 2305 265 2367 in
283 2303 401 2366 nornine
417 2300 537 2363 domiui.
560 2302 662 2363 Arnen.
685 2299 747 2364 Nos
763 2302 848 2365 Poto
864 2300 918 2365 dei
935 2300 1048 2387 prodo
1066 2300 1330 2388 Naantorpensio

141 2416 275 2482 ecclesie
287 2412 485 2500 prepositos.
502 2411 713 2496 Hiltprunduc
729 2412 867 2476 decanos
883 2410 1029 2473 universis
1041 2408 1183 2474 iratribus
1196 2410 1329 2475 eiusdem

141 2524 273 2588 ecclesie
295 2519 488 2605 presentibus
508 2526 539 2583 et
560 2518 668 2582 tuturis
685 2519 808 2582 satutem
827 2519 856 2581 in
873 2518 991 2581 donnino
1008 2519 1230 2602 sempiternam.
1254 2521 1330 2585 Cum

141 2654 183 2698 ex
199 2633 276 2697 ludo
302 2629 487 2695 tncillorarm
510 2630 609 2694 molto
628 2628 779 2716 periculo
796 2629 989 2715 proveniant
1004 2629 1190 2702 animorum,
1211 2633 1243 2693 rt
1258 2636 1328 2695 suut

138 2742 280 2813 avaricia,
299 2760 357 2824 quc
374 2739 458 2802 radix
477 2743 523 2802 est
540 2740 666 2802 omniurn
682 2738 836 2810 viciorum,
854 2738 1044 2822 cupiditates,
1062 2736 1226 2811 mendacia,
1245 2740 1327 2803 trau·

140 2851 202 2922 des,
222 2850 296 2921 doli,
320 2849 477 2934 vituperia,
499 2847 576 2920 odia,
594 2848 814 2924 dissensiones,
831 2847 942 2930 litigia,
960 2847 1137 2931 opprobria,
1154 2848 1325 2923 inimicicie,

139 2960 352 3024 detracciones
370 2964 399 3021 et
425 2975 639 3042 nonnumquam
660 2955 836 3028 homicidia,
860 2956 1017 3030 scandata,
1040 2957 1121 3029 rire,
1153 2956 1247 3030 turta;
1271 2981 1328 3025 nos

139 3069 321 3135 huiusmodi
324 3067 471 3156 periculo
480 3068 582 3131 vitare
590 3068 737 3138 colentes,
746 3066 1218 3153 nostrisqucfrotribosocfame
1229 3068 1327 3132 cccbs·

137 3181 181 3244 sie
193 3198 387 3267 precavere,
403 3176 597 3241 cornonicoto
614 3176 745 3241 consilio
756 3178 895 3259 fratrum
911 3182 1088 3240 nostrorum
1104 3177 1206 3263 ipsum
1222 3176 1326 3241 ludum

138 3297 299 3374 tamquam
319 3286 457 3350 morbum
474 3285 658 3370 pestiferum
674 3287 814 3350 coturnus
828 3286 867 3350 de
884 3293 987 3351 cetero
1013 3306 1033 3349 o
1059 3286 1175 3350 nostrie
1195 3287 1326 3352 subditis

138 3399 245 3462 arcius
262 3396 388 3464 coitari,
401 3395 535 3479 firmiter
550 3400 730 3467 statuentes,
744 3398 775 3456 ut
790 3395 841 3479 qui
858 3394 895 3458 de
911 3400 1012 3458 cetero
1029 3397 1164 3458 inuentus
1181 3395 1272 3458 suerit
1287 3395 1324 3458 de

140 3508 251 3569 uostris
270 3504 414 3567 fratribus
427 3523 494 3567 cum
509 3503 593 3587 lapso
610 3502 658 3566 rel
671 3501 781 3567 clerico
794 3502 892 3566 ludurn
907 3502 1075 3566 huiusmodi
1089 3523 1242 3575 exercere,
1259 3503 1324 3587 ipso

140 3616 217 3680 iacto
235 3620 377 3678 teneatur
391 3617 454 3676 tres
471 3612 561 3675 terias
578 3617 678 3676 sextas
691 3612 829 3677 ineunte
842 3613 1060 3696 subsequentes
1080 3634 1132 3697 pro
1146 3612 1224 3676 dicta
1238 3611 1325 3699 culpa

140 3727 257 3810 inpane
271 3732 302 3786 et
317 3743 392 3808 aqua
407 3724 437 3786 iu
450 3729 552 3786 nostro
564 3722 725 3786 refectorio
736 3722 846 3786 sedens
858 3723 888 3784 in
900 3727 980 3786 terra
993 3723 1143 3785 humiliter
1159 3720 1321 3784 abstinere.

143 3835 326 3899 insedentes
344 3836 374 3894 et
390 3832 449 3918 ipsi
471 3830 540 3896 ludo
558 3837 588 3894 et
605 3832 833 3896 consencientes
859 3853 893 3895 ac
909 3831 1005 3918 ipsum
1022 3828 1122 3895 iudum
1140 3830 1325 3915 quomodoli-

143 3943 190 4008 bet
206 3946 409 4008 instaurantes
425 3962 510 4006 rnam
526 3943 629 4005 teriam
645 3948 758 4005 sertam
771 3941 931 4025 proximam
947 3940 1177 4025 subsequentem
1189 3940 1325 4004 similiter

142 4054 309 4117 abstineant
323 4050 493 4116 ieiunando.
511 4049 549 4113 Et
565 4049 732 4134 quicunque
748 4051 824 4115 banc
841 4057 970 4115 nostram
991 4050 1209 4115 institucionem
1224 4053 1325 4113 trans·

141 4183 263 4245 gressum
279 4162 372 4224 suerit
388 4165 419 4224 et
435 4178 494 4223 non
506 4159 687 4223 satisfecerit
699 4159 874 4242 jejunando,
891 4161 971 4224 illurn
984 4180 1019 4222 er
1033 4179 1110 4224 nuuc
1122 4158 1324 4224 excommuni-

141 4281 234 4337 catum
250 4271 440 4336 decernimus
457 4268 515 4332 lata
528 4269 682 4332 sentencia
699 4270 728 4330 in
740 4270 799 4333 biis
817 4271 949 4354 scriptis,
965 4270 1103 4352 ingressu
1120 4268 1250 4333 ecclesie
1263 4269 1323 4352 ipsi

141 4382 330 4446 nibilominus
345 4378 519 4450 interdicto,
536 4376 632 4443 donee
648 4378 686 4442 de
702 4379 789 4463 cutpa
806 4401 859 4443 sua
877 4384 1071 4464 conpetenter
1087 4378 1270 4444 satisfecerit
1292 4381 1323 4442 et

144 4492 298 4574 condigne.
317 4490 375 4573 Qui
390 4509 463 4554 rero
480 4507 536 4551 nec
552 4488 596 4551 sic
613 4488 794 4572 resipuerit,
811 4488 874 4552 sed·
885 4494 988 4553 nostre
1005 4488 1229 4554 constitucionis
1252 4505 1325 4571 pre-

145 4601 288 4666 varicator
303 4599 469 4669 exstiterit‚
490 4597 570 4661 illurn
587 4618 682 4684 usque
704 4599 739 4663 ad
757 4619 844 4663 vunnu
862 4620 994 4663 mensem
1009 4619 1025 4662 a
1042 4597 1195 4684 prebenda
1210 4597 1269 4660 vini
1295 4601 1325 4661 et

146 4710 291 4792 prebenda
307 4711 437 4795 coquine
454 4727 522 4771 csse
539 4706 726 4772 decernimus
743 4710 800 4772 iarn
815 4711 977 4792 priuatum,
998 4708 1087 4774 saitis
1104 4709 1170 4773 aliis
1185 4708 1324 4791 peniten-

1065 4833 1109 4886 3.
