3242 5350
275 490 353 561 324

270 679 389 763 perpeti
409 700 480 743 cura
498 681 530 742 in
548 682 644 744 animo
659 702 724 745 meo
741 682 915 756 revolvens,
932 683 1012 766 quod
1021 685 1143 746 racione
1158 684 1299 764 exigente
1315 702 1351 745 ex
1367 678 1467 743 officio

271 787 406 850 caritatis
421 788 568 872 precipue
585 788 645 853 illis
662 795 769 854 teneor
785 792 945 863 astrictus,
970 811 986 853 a
1010 790 1119 875 quihus
1135 790 1238 875 sepius
1253 787 1402 852 beneficia
1418 805 1469 850 me

271 914 423 977 cognosco
445 897 613 979 recepisse.
640 898 715 961 llinc
731 904 794 970 est,
820 899 899 982 quod
922 897 1143 962 venerabilibus
1169 903 1200 960 et
1220 898 1372 979 religiosis
1393 895 1468 959 riris

271 1010 302 1065 et
319 1002 453 1066 Dominis
465 1004 592 1068 Domino
609 1005 765 1070 Redwino
785 1008 954 1093 preponito
978 1007 1094 1090 totique
1110 1003 1276 1068 Conventui
1292 1003 1471 1068 Monasterii

271 1120 375 1176 sancte
404 1111 499 1174 Marie
532 1111 716 1194 Nernhurge
749 1111 966 1178 Canonicorum
998 1114 1180 1195 regularium
1212 1112 1335 1177 Ordinis
1368 1112 1467 1175 sancti

270 1220 428 1302 Augustini
443 1219 632 1283 Pataviensis
649 1221 798 1305 Dyocesis
816 1221 886 1286 dedi
914 1230 944 1285 et
961 1222 1046 1285 trado
1063 1243 1117 1306 per
1133 1228 1293 1305 presentes
1309 1220 1366 1283 dus
1382 1240 1467 1282 mon·

269 1333 388 1399 tanum,
417 1328 497 1413 quod
523 1327 658 1410 pluribus
688 1330 774 1391 annis
803 1350 838 1392 ex
866 1329 1000 1410 legitima
1025 1327 1191 1393 donacione
1212 1335 1243 1390 ct
1271 1329 1347 1392 iusto
1364 1327 1468 1391 Titulo

270 1436 362 1500 habui
379 1439 410 1500 et
426 1434 549 1520 possedi
567 1435 597 1497 in
614 1436 739 1520 quadam
752 1436 856 1508 Vinea,
874 1438 930 1499 sita
947 1436 982 1501 io
994 1438 1099 1524 Longo
1112 1439 1197 1523 Apro
1213 1437 1307 1500 iuxta
1322 1441 1471 1499 ecoctam

270 1546 371 1609 locum
387 1551 419 1609 et
436 1545 620 1630 Grintzinp,
645 1565 731 1626 quam
761 1544 878 1606 vineam
905 1545 1063 1627 possident
1085 1565 1139 1627 pro
1162 1551 1234 1607 tuno
1258 1543 1392 1625 religiosi
1409 1541 1469 1606 riri

271 1651 371 1715 Abbas
398 1656 429 1716 et
450 1651 664 1714 Monasterium
689 1654 724 1717 in
747 1649 959 1736 Hodcrrfcirtt,
997 1653 1147 1738 Dpoecaie
1171 1653 1385 1717 Olomncerauir
1413 1654 1468 1722 ita,

271 1760 351 1844 quod
382 1759 558 1842 Propositus
591 1763 621 1822 et
648 1756 820 1823 Conventus
853 1759 983 1843 predicti
1012 1758 1181 1823 huiusmodi
1213 1759 1259 1821 ius
1296 1763 1470 1822 montanum

271 1867 383 1932 debent
409 1874 555 1952 perpetuo
583 1872 688 1930 tenere
716 1875 747 1930 et
774 1868 950 1951 possidere,
981 1868 1020 1931 de
1044 1887 1102 1953 quo
1121 1867 1216 1930 eciam
1233 1866 1361 1949 singulis
1379 1867 1468 1929 annis

270 1982 397 2061 possunt
420 1977 577 2059 percipere
602 1975 676 2038 duas
695 1976 791 2039 Vrnas
807 1975 879 2039 boni
894 1977 956 2039 vini
973 1981 1004 2038 et
1022 1980 1148 2060 quatuor
1164 1973 1295 2047 denarii,
1322 1982 1352 2036 et
1367 1975 1470 2038 talem

271 2085 476 2151 donacionem
493 2085 564 2171 ipse
574 2083 643 2167 feci
656 2085 844 2170 specialiter
859 2085 893 2148 in
908 2104 1144 2170 recompensam
1168 2103 1204 2145 ex
1221 2104 1273 2155 eo,
1298 2082 1366 2166 quia
1388 2081 1470 2144 Pre-

270 2195 388 2278 positus
405 2199 436 2256 et
452 2192 623 2257 Conventus
636 2193 808 2277 Supradicti
827 2201 952 2277 propter
967 2214 1049 2256 meas
1066 2193 1179 2257 rotiras
1196 2193 1357 2255 instancias
1374 2188 1471 2254 michi

272 2304 456 2366 remiserunt
473 2307 503 2364 et
519 2301 726 2364 relaxarerunt
744 2321 799 2382 pro
822 2308 958 2384 tempore
980 2303 1040 2364 rite
1063 2321 1129 2364 mee
1145 2301 1295 2363 dumtaxat
1310 2298 1365 2362 lus
1381 2318 1473 2362 mon-

269 2417 387 2481 tanum‚
417 2415 448 2475 et
471 2408 629 2483 decimam,
652 2410 731 2495 quod
756 2416 787 2473 et
810 2429 897 2494 quam
915 2410 956 2474 de
973 2410 1066 2474 l'ineo
1082 2409 1225 2474 Eccleeie
1239 2429 1306 2471 mec
1316 2406 1471 2492 predicte

269 2521 334 2585 sita
359 2519 394 2583 in
417 2518 647 2607 Rodcnproben
675 2517 802 2599 singulis
826 2519 911 2582 annis
936 2519 1075 2600 recipere
1105 2519 1349 2587 consueverunt,
1376 2520 1411 2577 et
1436 2516 1469 2576 in

270 2626 330 2709 hijs
347 2628 426 2691 iuxta
445 2628 570 2691 formam
586 2626 675 2690 litere
692 2628 823 2710 ipsorum
841 2625 931 2690 michi
949 2626 986 2690 ab
1002 2626 1076 2709 ipsis
1094 2628 1235 2710 porrecte
1248 2621 1358 2686 nullum
1371 2624 1472 2706 impe·

271 2733 433 2798 elimentum
451 2734 564 2799 debent
579 2736 698 2806 lacere,
724 2735 837 2798 inferre
853 2734 901 2798 rel
918 2733 1087 2798 admittere.
1116 2733 1148 2797 ln
1177 2751 1303 2816 quorum
1329 2733 1473 2794 testimo-

275 2843 357 2905 nium
373 2847 532 2925 presentes
548 2843 651 2905 literas
667 2842 742 2926 ipsis
759 2842 845 2904 trado
862 2843 1046 2925 appensione
1071 2841 1129 2904 mei
1151 2838 1243 2921 sigilli
1260 2837 1470 2902 communitas.

269 2953 374 3013 Actum
393 2955 423 3013 et
440 2951 545 3012 [latum
568 2951 699 3015 Wenoe
714 2950 746 3014 lo
764 2953 896 3013 crastino
912 2955 1017 3013 sancte
1034 2950 1202 3013 scolastice
1218 2947 1352 3027 Virginis
1381 2947 1471 3008 Anno

268 3057 386 3121 Domini
402 3056 561 3120 llillesimo
578 3057 796 3121 Tricentesimo
814 3058 1056 3140 Quadragesimn
1074 3056 1198 3122 Octavo.

472 3199 530 3249 Orig.
542 3200 603 3248 Perg.
615 3197 730 3252 (nealal.
738 3213 757 3239 n.
768 3200 802 3239 89.
819 3200 855 3239 fol.
869 3197 928 3254 lot.)
944 3200 983 3238 und
998 3199 1148 3239 chartularium
1158 3197 1240 3237 drehiri
1251 3197 1284 3236 lll.
1296 3197 1333 3235 tol.
1341 3196 1376 3235 98.
1389 3197 1412 3235 la.

365 3273 405 3310 lm
421 3270 500 3318 iletre,
515 3271 648 3321 seclrseclige
663 3272 732 3323 Siegcl
748 3271 767 3311 in
777 3275 861 3323 grtlnern
871 3272 956 3312 wisora
967 3272 1029 3322 ltingt
1043 3283 1065 3311 aa
1077 3271 1140 3310 ciuem
1150 3268 1363 3320 Per-gementetreilen.
1379 3270 1396 3317 †
1408 3294 1415 3306 .
1426 3267 1441 3306 8
1453 3292 1460 3305 .

269 3330 350 3382 olid-m
361 3369 367 3382 .
379 3344 490 3385 nemore!
501 3371 507 3382 .
518 3344 628 3384 roesam
639 3369 645 3382 .
656 3344 681 3383 llt
692 3371 698 3382 .
709 3343 887 3383 wemrnnonr.
904 3344 944 3382 liu
960 3342 1029 3392 Siegel
1039 3341 1095 3394 seigt
1104 3342 1163 3382 einen
1177 3342 1287 3381 Wudercr
1300 3339 1337 3379 uit
1346 3339 1392 3379 deun
1402 3338 1470 3378 sulae

268 3415 289 3454 in
310 3416 348 3456 der
366 3416 454 3462 einim,
479 3417 570 3456 welolrcn
589 3416 623 3455 dic
646 3416 742 3455 derenter
764 3416 863 3456 stehende
887 3415 983 3455 luschrilt
1007 3413 1395 3464 †.s.cu0n0unnvs.ertennen
1410 3410 1472 3449 lint.

271 3488 363 3528 liariter
376 3488 412 3528 dn
427 3489 576 3528 tannecum
591 3487 626 3527 mit
641 3490 684 3527 dem
700 3487 814 3527 Fihncheu.

746 3808 983 3888 CCCXXXll.

272 3954 419 4010 ffirietiao
438 3952 484 4008 oie
501 3950 712 4013 Pritecdenlrirr‚
731 3949 850 4005 Prior-in
869 3967 926 4004 oon
942 3949 1034 4012 Tuln,
1051 3949 1194 4019 oatoript,
1213 3948 1280 4005 doec
1299 3949 1346 4005 die
1365 3950 1469 4005 Nonne

270 4044 357 4100 Anno
375 4042 560 4098 dienatalis
586 4042 637 4098 mit
665 4041 745 4096 ihrer
763 4040 931 4111 Forderuny
959 4058 1014 4096 oon
1038 4040 1101 4095 dem
1116 4039 1208 4113 scine
1223 4040 1468 4108 Kloeterroeuduro

761 4130 912 4201 defricdipt
925 4131 975 4186 cei

651 4268 709 4321 Dat.
729 4266 805 4329 Tuln,
821 4266 864 4321 16.
877 4267 994 4339 Februnr
1007 4264 1086 4320 1318.

360 4434 412 4498 lch
433 4433 573 4496 Sweetcr
590 4430 749 4496 Cdrietein
772 4431 826 4495 dio
842 4430 1118 4500 maenomenon,
1134 4430 1249 4493 aeden
1270 4429 1374 4493 cesten
1393 4430 1467 4516 pri-

271 4543 365 4607 orinn
379 4564 417 4606 ze
427 4542 509 4605 Toln
520 4540 559 4604 ln
574 4540 645 4603 dern
660 4561 789 4603 eramen
806 4539 950 4604 Chloetcr
965 4538 1025 4600 rnd
1037 4537 1115 4601 mein
1130 4537 1281 4608 Conrent,
1298 4537 1354 4599 wir
1365 4539 1466 4600 verie-

270 4651 392 4714 hen-
409 4651 471 4714 [taz
488 4649 545 4713 der
562 4666 691 4712 ersamm
709 4645 876 4712 Geistleich
892 4647 982 4710 horre
996 4647 1112 4711 Brooet
1127 4646 1282 4711 necocia
1299 4664 1336 4708 ze
1350 4644 1466 4708 Newn·
