3242 5350
840 804 997 884 CLXXI.

475 945 750 1002 Wclcl·Inrtrrrrrrent
767 946 816 1001 der
828 947 964 1021 Propater
974 944 1103 1020 Stephon
1121 963 1175 1004 von
1187 948 1351 1023 Sterndcrf.

633 1073 693 1127 Dat.
711 1073 940 1142 Klosterneuburg
959 1073 1003 1128 sl.
1023 1075 1074 1129 lici
1094 1074 1175 1130 1317.

404 1203 437 1265 ln
457 1203 585 1265 Nomine
610 1204 737 1266 Domini.
765 1204 868 1265 Amen.
904 1201 1132 1268 venerabilibus
1157 1206 1308 1278 Dominis,
1337 1206 1508 1291 Preposito,

313 1310 437 1373 Decano
454 1316 485 1374 et
501 1309 637 1395 Capitulo
654 1312 793 1374 Ecclesie
811 1311 996 1373 Patavicnsis
1012 1312 1215 1378 Eberhardua
1230 1316 1379 1380 Decnnue
1395 1315 1509 1378 Totus-

313 1439 372 1502 qne
388 1416 558 1482 Conventus
576 1416 750 1483 Monosterii
762 1419 875 1482 Sancte
886 1417 981 1481 llarie
994 1418 1025 1481 in
1037 1419 1257 1504 Nevvemburga
1274 1422 1411 1486 eiusdem
1425 1421 1510 1504 Dyo·

314 1529 396 1591 cesis
422 1548 489 1591 cum
512 1528 678 1592 devocione
700 1528 801 1592 debita
823 1528 1023 1591 reverentiam
1049 1528 1178 1593 debitam
1194 1536 1224 1594 et
1248 1530 1403 1594 honorem.
1436 1529 1509 1593 Cum

312 1640 438 1718 propter
466 1636 655 1701 mencionem
684 1635 827 1698 diutinam
855 1634 997 1698 Dcclesie
1024 1635 1180 1700 Pastorum
1213 1637 1336 1701 solaciis
1364 1637 1510 1701 destitute

312 1744 417 1824 gravia
434 1744 463 1805 in
480 1743 686 1828 spiritualibus
703 1749 734 1807 et
750 1741 967 1826 temporalibus
985 1742 1142 1825 dispendia
1156 1745 1315 1828 patiantur,
1329 1743 1509 1808 Conditores

313 1850 465 1915 Canoniae
484 1849 709 1914 deliberacione
721 1850 845 1933 provida
859 1858 1053 1923 censuerunt,
1070 1858 1101 1913 rt
1117 1872 1249 1933 congrua
1263 1852 1421 1915 celeritate
1433 1853 1510 1915 inira

312 1964 430 2043 tempus
448 1959 484 2022 ab
502 1962 576 2043 ipsis
593 1957 765 2022 Canouibus
782 1958 938 2022 limitatum
954 1958 1137 2023 vacantibus
1153 1959 1302 2023 Ecclesiis
1319 1960 1357 2022 de
1373 1959 1509 2023 Pastori·

312 2067 370 2131 bus
394 2068 504 2131 debeat
520 2067 683 2151 provideri.
716 2067 865 2131 Defuncto
888 2068 990 2151 igitur,
1015 2089 1090 2131 anno
1113 2069 1225 2131 domini
1248 2069 1407 2131 ltlillesimo
1433 2070 1509 2131 Tre-

312 2177 475 2240 centesimo
487 2176 610 2239 Decimo
621 2174 757 2258 Septimo
773 2175 823 2238 lll.
837 2175 902 2239 Kal.
916 2175 1007 2248 lunii,
1020 2175 1247 2240 boneruemorie
1260 2176 1380 2241 domino
1389 2177 1507 2240 Perch-

312 2283 396 2347 toldo
414 2283 561 2366 quondam
585 2284 742 2369 Preposito
763 2283 940 2369 lllouesterii
962 2285 1102 2367 predicti,
1125 2293 1156 2349 et
1180 2286 1272 2368 ipsius
1296 2307 1427 2370 corpore
1445 2305 1509 2349 cum

311 2394 487 2457 reverencia
516 2393 627 2456 tradito
657 2391 875 2456 Ecclesiastice
903 2393 1076 2478 sepulture,
1105 2416 1143 2456 ue
1171 2396 1267 2477 ipsum
1296 2395 1507 2458 lionasterium

313 2508 446 2569 nostrum
474 2500 627 2565 viduitatis
656 2522 710 2564 sue
742 2501 929 2565 incommoda
957 2502 1068 2565 diutius
1094 2501 1282 2585 deploraret,
1315 2505 1508 2566 convenimus

313 2611 511 2674 communiter
526 2629 628 2673 omnes
645 2630 721 2672 anno
738 2609 849 2673 domini
862 2610 999 2693 predicto
1016 2610 1064 2672 lll.
1081 2630 1154 2673 vero
1171 2610 1217 2672 lil.
1232 2610 1347 2674 iliensis
1359 2610 1509 2695 prenotati

312 2718 348 2780 ad
366 2719 544 2782 electionem
561 2719 653 2781 futuri
670 2718 822 2801 Prepositi
839 2718 1065 2789 celebrandam,
1084 2723 1116 2782 et
1129 2719 1228 2783 multis
1245 2740 1281 2783 ac
1297 2718 1429 2782 diversis
1441 2718 1508 2783 hinc

311 2826 383 2889 inde
395 2826 573 2889 tractatibus
586 2826 708 2898 habitis,
723 2827 852 2909 qualiter
865 2831 895 2888 in
913 2829 979 2909 ipso
997 2827 1155 2891 electionis
1172 2827 1299 2908 negocio
1317 2826 1510 2891 concorditer

312 2941 343 2999 et
359 2933 512 2998 Canonice
528 2935 757 3018 procederetur,
778 2937 948 2999 continuato
966 2935 1070 2999 eodem
1096 2935 1224 3016 negocio
1241 2956 1335 3019 vsque
1352 2937 1382 2997 in
1399 2936 1508 2999 crasti-

312 3063 391 3111 num.
415 3044 534 3107 tandem
551 3044 664 3127 placuit
683 3044 821 3107 omnibus
838 3049 869 3106 et
885 3044 1014 3126 singulis
1031 3043 1129 3115 nobis,
1146 3043 1278 3107 dimissis
1296 3043 1363 3106 aliis
1379 3044 1508 3107 electio-

312 3172 381 3214 num
409 3153 528 3223 formis,
563 3173 618 3235 per
651 3152 728 3216 viam
757 3152 964 3235 compromissi
993 3151 1091 3216 eidem
1124 3152 1308 3215 llooasterio
1336 3153 1505 3237 providere.

314 3258 398 3322 Vnde
421 3259 556 3323 dedimus
577 3261 770 3330 vnanimiter,
794 3260 876 3322 nullo
901 3260 1018 3343 penitus
1041 3257 1251 3331 discordante,
1278 3260 1507 3324 Honorabilibus

311 3366 402 3438 Viris,
415 3368 550 3431 Domino
567 3369 695 3439 Jacobs,
711 3369 782 3431 Dno
800 3369 953 3443 Dictrr‘co,
975 3369 1047 3432 Dno
1069 3365 1168 3432 Vlrr'co
1186 3370 1303 3433 nostris
1322 3369 1506 3444 Canonicie;

311 3496 346 3539 ac
362 3477 541 3563 Mapr'atris:
560 3478 728 3542 Cbonrndo
743 3484 773 3541 ct
792 3478 973 3542 diademare
989 3478 1193 3541 Sercm‘csr'mi
1206 3479 1336 3542 Domini
1348 3479 1507 3543 Fridcrier'

310 3590 523 3652 Rornanorum
537 3586 634 3671 Rapis
648 3586 792 3650 Notarir‘s
807 3592 839 3648 ct
855 3585 987 3648 clericis
1008 3584 1124 3667 plenam
1146 3585 1320 3665 generalem
1338 3591 1369 3648 et
1383 3585 1504 3648 liberam

311 3700 491 3778 potestatem
508 3693 642 3774 eligendi
664 3694 864 3776 Prepositum,
888 3699 978 3776 prout
999 3695 1072 3776 ipsis
1096 3693 1260 3776 expediens
1275 3694 1447 3766 videretur,
1471 3714 1504 3756 ac

310 3806 367 3887 ipsi
385 3803 566 3866 Mooasterio
583 3800 770 3885 providendi.
789 3802 829 3864 lta
847 3822 913 3864 curn
930 3808 1124 3885 posteaquam
1142 3802 1180 3865 de
1190 3802 1321 3866 Persona
1338 3804 1503 3865 concordes

310 3913 477 3976 existerent
492 3910 641 3992 eligenda,
660 3911 741 3973 Vnus
756 3910 889 3993 ipsorum
906 3907 945 3972 de
961 3908 1089 3971 aliorum
1105 3911 1255 3972 sociorum
1268 3930 1419 3974 consensu
1432 3910 1503 3974 Vice

310 4040 382 4092 sua,
412 4027 443 4082 et
457 4020 589 4102 ipsorum
616 4038 651 4081 ac
669 4020 758 4080 totius
777 4021 941 4080 conventus
957 4016 1121 4078 Personam
1135 4016 1216 4079 illam
1232 4017 1362 4099 eligeret
1377 4020 1407 4080 in
1424 4037 1502 4081 com·

308 4129 406 4210 munj‚
431 4134 463 4189 et
487 4125 660 4209 provideret
680 4126 740 4208 ipsi
758 4124 940 4187 ldonasterio
964 4124 1002 4187 de
1023 4124 1138 4187 eadem.
1172 4125 1433 4207 Compromissarii
1448 4124 1503 4206 ipsi

309 4241 489 4321 potestatem
506 4235 565 4298 sibi
582 4255 637 4318 per
653 4255 708 4297 nos
725 4234 864 4296 traditam
882 4239 1075 4315 acceptantes
1093 4239 1124 4296 et
1140 4235 1169 4295 in
1183 4240 1298 4316 partem
1314 4233 1500 4316 postmodum

311 4344 491 4409 secedentes
503 4344 622 4407 tandem
639 4350 709 4426 post
724 4348 868 4406 tractatus
882 4344 961 4404 inter
977 4362 1011 4404 se
1023 4341 1141 4404 habitos
1157 4343 1283 4425 plurium
1297 4360 1501 4426 personarum,

311 4461 401 4539 prout
431 4453 490 4538 ipsi
520 4452 606 4515 nobis
633 4452 823 4535 postmodum
850 4449 1029 4520 retulerunt,
1061 4450 1252 4514 Vnnninn’ter
1279 4450 1313 4513 in
1339 4450 1501 4513 Dominum

308 4564 507 4651 Stcplvnnnm
528 4563 568 4627 dc
589 4561 758 4646 Sy‘rndorf
774 4567 909 4622 nostrum
932 4561 1111 4622 confratrem
1130 4565 1160 4620 et
1176 4558 1415 4622 Doncanouicum
1431 4577 1501 4620 cou-

310 4674 481 4744 cordarunt,
500 4673 601 4735 Virum
619 4673 720 4753 utique
737 4669 914 4752 providum,
932 4672 963 4730 et
979 4667 1153 4738 discretum,
1170 4668 1350 4731 litterarum
1365 4666 1499 4731 sciencia
