3242 5350
299 498 374 571 190

294 673 471 759 quibusdam
488 669 728 737 dissensionibus
743 670 806 732 suis
823 669 1013 734 concordiam
1029 691 1217 757 nequaquam
1232 673 1381 758 potuimus
1398 690 1488 734 revo-

295 802 365 847 care
382 784 507 865 propter
522 777 786 862 utriusquepartis
814 775 903 858 ligem
927 798 981 842 seu
1004 780 1275 864 conspiracionem,
1299 799 1358 862 que
1379 778 1488 849 adhue.

294 895 325 955 vt
340 887 563 974 presumitur,
588 887 667 949 inter
689 886 773 970 ipsos
795 905 854 948 uun
876 888 1016 950 cessarit.
1042 886 1143 968 Quare
1166 886 1325 951 domnioni
1340 891 1444 950 vestre
1462 888 1488 948 iu

294 998 407 1062 virtute
423 1000 528 1061 sancte
551 993 739 1060 Obediencie
762 994 900 1059 disticte
922 995 1119 1079 precipiendo
1140 995 1327 1067 mandamus,
1351 994 1490 1077 quadum

293 1107 455 1190 resumptie
471 1104 624 1169 vobiscum
641 1103 794 1191 Mapistro
810 1103 965 1168 Haiarico
987 1104 1028 1168 de
1049 1105 1278 1177 Watertaroer,
1300 1104 1441 1168 Pleduoo
1457 1103 1489 1167 in

294 1218 523 1281 Rottenmurrnc
538 1218 569 1275 et
583 1212 738 1300 Mapistro
755 1211 896 1276 Martino
910 1212 1044 1277 Custode
1059 1220 1091 1276 et
1103 1213 1262 1277 Canonieo
1276 1211 1488 1283 Cracooiensi,

293 1323 342 1389 rel
359 1322 425 1387 aliis
440 1323 471 1385 in
486 1324 584 1385 locum
601 1319 729 1392 illorum,
747 1319 773 1383 si
796 1318 928 1404 predicti
952 1320 1091 1384 fortassis
1113 1320 1248 1401 legitime
1270 1320 1407 1404 impediti
1430 1319 1489 1383 bec

294 1433 402 1518 exequi
412 1434 616 1515 nonpossent‚
628 1428 745 1514 quibus,
758 1434 901 1493 eteorum
913 1428 1039 1493 cuilibet
1054 1429 1084 1492 id
1096 1428 1153 1493 sub
1166 1428 1490 1493 excommunicacionis

293 1560 371 1624 pona
386 1541 570 1611 mandamus,
587 1540 625 1603 ad
641 1538 788 1622 prelatum
804 1538 1017 1602 nonasterium
1029 1537 1270 1620 Neuoburgense
1282 1536 1489 1600 Personaliter

292 1648 457 1718 accedatis,
481 1648 666 1731 inquirentes
691 1647 730 1711 de
753 1647 927 1732 premissis,
951 1653 983 1710 et
999 1647 1038 1710 de
1053 1653 1131 1712 statu
1147 1648 1246 1711 tocius
1263 1646 1488 1710 blonasteriiin

293 1761 393 1842 eapite
409 1763 440 1822 et
455 1759 486 1823 in
508 1755 652 1822 membris
678 1755 873 1822 omnimodam
897 1757 1062 1829 veritatem,
1078 1757 1268 1850 corrigentes
1290 1754 1444 1820 Canonice
1460 1764 1491 1822 et

292 1868 463 1933 seeundum
477 1865 670 1932 tradiciones
685 1867 795 1953 repnte
821 1866 890 1929 rice
913 1871 944 1929 et
964 1867 1142 1930 auctoritate
1164 1872 1275 1939 nostra,
1298 1885 1489 1952 quecumque

294 1975 405 2058 diugne
422 1974 468 2062 (l)
486 1975 661 2039 inveneritis
678 1974 869 2055 corrigenda,
886 1974 1057 2039 laborantes
1073 1995 1276 2060 summopere,
1293 1981 1325 2041 rt
1345 1977 1431 2060 ipsos
1449 1974 1486 2037 ad

292 2085 410 2169 plenam
427 2087 459 2148 et
473 2084 641 2168 perlectam
657 2081 849 2147 concordiam
865 2082 1028 2156 reducatis,
1044 2083 1082 2148 ad
1098 2105 1184 2168 quam
1202 2086 1228 2148 si
1245 2083 1332 2149 aliter
1345 2086 1487 2149 fortassis

291 2193 452 2274 pervenire
473 2211 531 2255 non
553 2190 705 2275 possetis,
727 2190 832 2255 damus
853 2191 940 2256 robis
956 2191 1074 2276 plenam
1090 2194 1297 2257 auctoritatem
1313 2199 1344 2257 et
1360 2192 1487 2258 liberam

292 2322 397 2366 omnes
414 2307 446 2365 et
460 2301 605 2383 singulos,
621 2318 697 2383 quos
713 2300 799 2384 pacis
816 2304 847 2363 et
867 2299 983 2364 ruiouis
1000 2299 1159 2384 Regularis
1173 2302 1279 2368 bostes
1295 2303 1487 2375 inveneritis,

293 2428 349 2492 per
364 2408 528 2473 Censuram
543 2407 809 2479 Ecclesiasticus,
834 2409 883 2473 rel
900 2409 990 2474 etiam
1007 2430 1062 2496 per
1079 2412 1288 2481 emissionem,
1305 2411 1332 2473 si
1354 2430 1487 2474 necesse

292 2524 390 2590 esset,
422 2516 469 2580 vel
501 2515 586 2579 aliam
617 2516 817 2601 penitenciam
848 2516 1027 2582 Canonicam
1059 2518 1284 2603 compescendi.
1316 2521 1424 2582 Datum
1457 2519 1487 2581 in

291 2624 545 2690 Zaiaeenmaroer
560 2623 656 2688 Noun.
674 2621 744 2687 solii
760 2625 844 2687 Anno
861 2623 980 2688 Domini
995 2626 1035 2690 Μ.
1053 2624 1142 2691 CCC⁰
1165 2626 1316 2691 vicesimo
1332 2627 1440 2702 tercio.

382 2730 531 2797 Voluntati
559 2731 652 2813 igitur
680 2750 717 2795 ac
747 2733 885 2796 mandato
911 2734 1005 2816 ipsius
1030 2735 1148 2799 Domini
1168 2736 1310 2819 Episcopi
1326 2736 1438 2820 prefati
1456 2736 1487 2798 in

291 2840 347 2904 bac
374 2844 461 2924 parte
488 2838 596 2903 devota
621 2840 857 2923 promptitudine
880 2848 1092 2920 occurrentes,
1117 2849 1271 2927 assumpto
1294 2842 1382 2906 uobis
1407 2844 1486 2906 iuxta

290 2948 416 3011 sormam
431 2946 562 3011 mandati
586 2948 615 3009 iu
638 2947 737 3011 lucum
754 2947 894 3030 Magistri
910 2950 1041 3014 Heinrici
1065 2952 1104 3014 de
1123 2950 1338 3014 Wintertawer
1361 2948 1487 3013 Plebani

288 3060 321 3122 in
337 3058 541 3123 Rotenmaune
556 3057 724 3122 venerabili
740 3064 826 3142 patre
843 3059 962 3123 domino
984 3060 1142 3126 Mauricio
1163 3061 1282 3125 Addate
1295 3059 1489 3125 Monestcrii

289 3167 409 3232 Sancte
422 3166 528 3231 Maris
542 3166 705 3232 Scotorum
722 3168 757 3232 in
776 3169 906 3232 Wieunu
925 3169 1000 3233 nra.
1017 3168 1051 3232 S.
1068 3169 1236 3233 Benedicti
1245 3169 1328 3233 dicte
1344 3168 1487 3253 dyocesis

290 3274 459 3358 predictum
475 3273 689 3338 blonasterium
706 3274 957 3358 Neunburgense
978 3274 1087 3339 ibidem
1105 3275 1184 3340 dicte
1206 3277 1395 3340 visitacionis
1417 3275 1486 3340 offi-

291 3384 370 3447 cium
387 3403 532 3446 exercere
546 3382 693 3454 volentes,
712 3384 848 3448 duximus
860 3383 1062 3466 personaliter
1074 3384 1288 3455 accedendum,
1305 3390 1376 3447 ante
1389 3385 1486 3449 omnia

289 3496 388 3555 tamen
403 3489 610 3554 honorabilem
627 3495 659 3554 et
676 3488 849 3574 religiosum
865 3492 971 3565 virum,
988 3493 1138 3555 dominum
1152 3493 1349 3581 Stephanum
1362 3515 1484 3580 prepo-

289 3600 393 3675 situm,
410 3604 441 3662 et
453 3598 610 3662 nonnullos
622 3619 658 3663 ex
671 3598 831 3664 Cauouicis
843 3600 1018 3665 blonasterii
1030 3600 1091 3682 jam
1105 3602 1235 3685 predicti
1251 3621 1343 3683 super
1355 3601 1485 3665 diversis

287 3706 509 3772 dissensionum
525 3709 669 3791 materijs,
683 3729 742 3792 que
757 3716 939 3793 procurante
955 3718 1056 3773 satore
1072 3709 1214 3773 malorum
1231 3730 1357 3794 operum
1375 3710 1483 3792 danup-

229 3824 233 3832 '
290 3815 429 3880 nabiliter
453 3817 617 3900 irrepsere,
639 3818 676 3881 ad
700 3816 809 3881 bonum
834 3818 919 3900 pacis
946 3823 977 3881 et
993 3818 1121 3892 rnionis,
1139 3838 1175 3882 ac
1190 3820 1335 3902 prefatam
1353 3837 1483 3882 concor·

289 3922 367 3987 diam
384 3929 447 3989 toto
465 3924 531 3989 uisu
548 3932 708 3997 conantes,
731 3932 820 4009 prout
841 3924 928 3990 uobis
950 3933 1016 3990 erat
1037 3925 1191 4009 possibile,
1214 3945 1371 3991 rovocare.
1394 3926 1485 3989 Licet

289 4039 388 4097 autem
404 4034 576 4118 prepositus
601 4034 669 4117 ipse
683 4040 824 4118 tanquam
842 4033 969 4098 devotus
992 4034 1171 4100 obediencie
1187 4033 1266 4097 tilius
1290 4033 1482 4098 obedientem

288 4144 319 4203 et
334 4145 470 4225 paratum
487 4139 524 4203 ad
542 4141 639 4205 omnia
656 4123 690 4206 se
706 4140 840 4214 offerret,
857 4148 955 4206 tamen
978 4144 1099 4215 iratres,
1115 4144 1229 4209 didere
1250 4145 1368 4217 senior,
1385 4143 1483 4227 Siris·-

288 4249 356 4325 dus,
369 4249 531 4325 Nicotaus,
543 4249 721 4315 Bulcberus
728 4251 886 4336 plebanus
898 4253 1008 4317 sancti
1018 4252 1090 4326 loci,
1107 4252 1225 4316 Vlrieus
1239 4253 1279 4316 de
1290 4274 1315 4316 s.
1329 4253 1482 4326 Martiae,

287 4355 449 4422 Jobannes
463 4359 504 4422 de
521 4359 633 4429 lirina,
654 4357 774 4423 Wricus
789 4360 949 4447 Humane,
968 4362 1118 4445 Ortolsus,
1135 4360 1289 4447 Mupister
1311 4362 1483 4432 Martinus,

290 4465 478 4531 Cbunradras
500 4466 540 4529 de
572 4467 713 4538 Wenna,
741 4468 895 4536 Jocabor,
923 4469 1110 4544 Rudwinus,
1132 4468 1293 4535 Martinus
1313 4470 1480 4542 Sideribus,

291 4572 409 4638 Viriatus
430 4573 615 4656 Hauspeeb,
641 4576 817 4640 Heinricus
839 4577 880 4641 de
902 4577 1038 4642 Paiania
1062 4577 1191 4642 exclusis
1212 4578 1349 4642 omnibus
1366 4578 1432 4643 aliis
1446 4584 1482 4642 et

286 4681 413 4761 singulis
425 4680 463 4746 de
474 4680 638 4756 Conventu,
656 4682 707 4767 qui
720 4683 805 4748 nobis
820 4683 1017 4750 decreverant
1030 4686 1184 4750 humiliter
1195 4685 1331 4758 obedire,
1349 4687 1480 4771 idipsum
