3242 5350
282 633 313 699 ii.
334 632 405 697 Otto
427 632 468 696 dc
486 631 672 719 Arnepcrcb
690 632 801 697 Custos
822 631 1117 718 hospitalarium).
1143 631 1215 695 Otto
1233 632 1421 702 Celererius,
1438 633 1481 696 D.

285 740 485 812 Wcmbcruc,
501 742 541 804 D.
562 740 685 806 Utricue
707 740 749 805 dc
766 740 950 822 Ncwnders,
973 741 1013 803 D.
1031 740 1224 809 Reimarus,
1251 738 1292 803 D.
1310 740 1478 826 Hiitpran·

281 850 351 925 dus,
374 851 413 913 D.
432 849 516 913 Pube
530 850 687 935 plebanus
709 871 734 912 e.
751 848 895 933 Martini,
912 850 952 912 D.
976 847 1165 912 Chunrudus
1187 848 1227 911 dc
1254 847 1481 935 iiiiisqcrstorfi

280 958 320 1020 D.
341 957 414 1020 Otto
429 957 469 1019 do
485 956 723 1044 Praumpcrcb.
740 959 780 1021 D.
797 960 926 1026 Petrus,
944 956 1098 1020 Ceneaici
1112 957 1394 1048 Neumburqcnscs.
1410 957 1483 1020 Pit·

278 1065 400 1150 crimus
415 1064 455 1127 dc
470 1064 582 1140 Polou,
602 1066 765 1152 [tricaeque.
787 1065 922 1129 Wecnto
939 1072 969 1127 ct
987 1065 1059 1129 Otto
1076 1065 1117 1129 dc
1128 1064 1334 1150 quopurcb,
1346 1064 1480 1127 Heinri-

280 1189 336 1236 cus
351 1173 392 1237 ue
403 1172 647 1259 Soboncnpucb,
668 1173 877 1237 Wcrnbordus
889 1179 919 1235 et
934 1172 995 1236 ulii
1015 1170 1227 1256 quamplures.
1242 1173 1348 1235 Datum
1361 1173 1480 1235 Neom-

279 1283 379 1369 burqc
393 1283 477 1345 Anno
494 1282 612 1344 Domini
630 1281 671 1342 bi⁰
684 1281 745 1343 00⁰
758 1281 890 1353 cxvii,
907 1280 1080 1342 indiccione
1097 1280 1132 1342 X.
1146 1278 1225 1343 ΙΙΙΙΙο
1240 1278 1310 1343 ldus
1326 1278 1416 1343 iunii.

1009 1441 1026 1480 ii
1041 1439 1172 1479 comannis
1186 1438 1269 1480 Arcbiri
1285 1440 1320 1485 iii.
1335 1440 1372 1479 tei.
1386 1441 1421 1482 58.

371 1567 419 1621 Die
446 1565 621 1637 sndcrwoitig
645 1568 797 1621 bohannien
821 1529 956 1621 Discenen
984 1567 1085 1629 iakeb,
1109 1565 1240 1628 Dietricb,
1261 1567 1350 1637 Euge,
1370 1567 1479 1637 Piigrim

280 1658 435 1711 orscbeinen
449 1657 523 1711 nicht
536 1662 614 1711 nater
627 1657 678 1711 den
693 1659 810 1727 Zeugen.
825 1657 965 1712 Vieileicbi
978 1675 1032 1710 war
1048 1658 1131 1710 scben
1149 1656 1250 1709 domnis
1263 1655 1311 1710 der
1324 1657 1480 1718 Gabi-euch,

279 1748 322 1803 bei
342 1748 484 1816 wicbiigen
500 1748 746 1817 bugeiegenbeiien
764 1765 813 1801 nur
826 1748 869 1801 die
887 1750 1003 1803 iitcsten
1017 1749 1051 1802 to
1064 1746 1130 1801 oder
1144 1748 1179 1801 12
1192 1747 1365 1818 Kapituiaren
1384 1747 1480 1801 boisu-

278 1839 380 1894 zieben.
1363 1856 1365 1860 ’

821 2006 930 2077 ΧΧΙΙΙ.

275 2184 381 2255 Propst
398 2180 536 2236 Nicoiaoss
553 2180 670 2249 bcocuqt
688 2180 744 2235 den
760 2180 899 2234 zwiscien
916 2179 1038 2249 Pitye-im
1055 2198 1110 2234 cen
1130 2139 1395 2253 Rcinprccbtepeilu
1413 2180 1477 2235 unii

455 2271 589 2326 Heinrich
608 2289 663 2325 eon
681 2270 875 2343 Stoizemiorf
887 2270 1116 2340 cinchauqcucn
1139 2269 1291 2340 Verqicici.

672 2417 731 2472 Dei.
756 2435 779 2471 e.
798 2417 816 2471 Ι.
835 2417 879 2471 st.
898 2417 973 2486 Aprii
993 2416 1075 2471 1268.

365 2562 429 2626 Nos
445 2564 607 2648 Nycoluue
629 2565 684 2628 dci
702 2566 819 2652 qrnciu
835 2565 979 2629 Ecclesic
997 2563 1265 2649 Neumburqensis
1284 2566 1473 2650 prepositus

274 2671 310 2736 ad
328 2672 466 2736 noticiam
483 2679 543 2736 tam
560 2678 750 2755 presencium
769 2694 856 2758 qnam
874 2674 1039 2736 futurorum
1055 2670 1190 2735 volumus
1203 2672 1373 2754 pervenire,
1390 2672 1474 2756 quod

273 2781 368 2842 omnis
384 2781 535 2863 impeticio
554 2761 616 2844 scu
626 2781 774 2846 dissensio
791 2784 875 2846 inter
894 2781 1082 2868 Pilqrimum
1101 2781 1142 2844 dc
1157 2781 1270 2858 Pelen,
1293 2789 1324 2844 ct
1339 2781 1472 2844 Heinri-

272 2909 342 2952 oum
357 2890 526 2974 officialem
541 2897 683 2955 nostram
697 2891 739 2955 dc
750 2890 986 2974 Stoyczeudorf
994 2910 1049 2972 pro
1064 2887 1238 2972 quibusdam
1255 2887 1425 2950 nacionibus
1440 2895 1474 2952 et

271 2997 479 3079 questionibus
495 2998 562 3061 aliis
578 2999 804 3082 quibuscunque
822 3005 924 3061 exorta
941 3018 997 3080 per
1014 2996 1156 3067 arbitros,
1174 2996 1292 3059 scilicet
1308 2996 1473 3060 dominum

270 3105 501 3191 Musquardum
520 3106 709 3191 Maqiotrom
727 3107 875 3178 Getici-ii,
894 3106 1072 3170 Dictrieem
1091 3105 1260 3190 officialem
1277 3113 1416 3168 nostrum
1434 3125 1472 3167 ex

270 3232 327 3275 rna
340 3220 437 3296 parte,
455 3234 489 3276 ac
506 3214 664 3278 dominum
674 3211 820 3280 Wricem
835 3215 953 3279 dictem
969 3214 1010 3276 dc
1024 3212 1235 3295 Duebcndors
1244 3232 1284 3275 uc
1302 3212 1471 3298 Urlouqum

271 3321 420 3385 iudicem
440 3323 714 3409 qusburqcneem
746 3344 783 3386 ex
806 3322 900 3385 altera
925 3327 1010 3405 pario
1040 3323 1138 3402 sopita
1169 3328 1216 3381 est
1238 3319 1341 3383 taliter
1368 3340 1472 3384 coram

272 3429 377 3500 nobis,
409 3435 441 3492 ut
457 3430 557 3493 dicius
573 3431 747 3495 Heinricus
760 3432 800 3495 de
815 3430 1051 3514 Stoyczcuders
1067 3429 1180 3492 sileam
1195 3429 1362 3514 quemdum
1376 3430 1473 3494 sitam

268 3538 356 3621 infra
372 3539 564 3624 chabureb
580 3545 611 3601 et
626 3538 863 3622 Stoyccendors
874 3539 916 3602 dc
931 3544 1034 3601 cetero
1051 3537 1163 3601 debesa
1178 3537 1248 3603 iure
1270 3535 1469 3602 Mediceis

268 3647 422 3717 retinere,
451 3644 489 3708 de
515 3666 573 3728 qua
596 3644 695 3708 scisci
717 3651 821 3709 nostre
842 3646 976 3709 ecclesio
998 3646 1117 3708 nomine
1139 3664 1249 3708 census
1272 3661 1310 3705 nx
1327 3644 1469 3707 denarios

267 3753 428 3815 annuatim.
445 3754 517 3815 item
533 3753 613 3816 idom
631 3753 715 3817 dabit
736 3755 767 3816 in
789 3752 1104 3835 recompensacionem
1122 3751 1204 3815 dicte
1220 3752 1294 3814 silvo
1315 3754 1466 3836 premisso

268 3860 422 3947 Piiyrimo
442 3861 473 3923 in
495 3862 629 3943 proximo
652 3860 731 3924 sesto
753 3882 779 3924 s.
802 3860 983 3924 Micbabeiis
1006 3882 1059 3924 sex
1080 3862 1190 3924 talenta
1215 3860 1271 3923 sub
1293 3861 1467 3924 testimonio

266 3969 458 4051 presencium
482 3968 644 4031 literarum.
668 3969 778 4032 'l'cstcs
804 3969 839 4031 D.
866 3970 1006 4052 Ortoisus
1021 3969 1172 4040 decanus,
1194 3970 1236 4032 D.
1255 3968 1325 4032 Otto
1351 3978 1467 4040 mistos,

143 4132 145 4137 ,
265 4077 297 4140 d.
314 4076 385 4140 Dtto
399 4076 601 4149 Cctlcrarius,
617 4077 765 4142 cononici
779 4077 1061 4164 Ncumburqenscs.
1078 4078 1118 4140 D.
1132 4078 1172 4140 Η.
1188 4074 1344 4163 plebanus
1360 4077 1470 4141 suncti

266 4184 337 4248 loci.
368 4186 408 4248 D.
432 4185 515 4249 eud.
537 4186 578 4249 do
593 4187 802 4268 Norccmiors.
825 4187 866 4248 Η.
883 4186 923 4249 de
941 4186 1006 4249 Ore.
1028 4186 1185 4272 Magister
1212 4185 1285 4249 Wul.
1311 4186 1465 4250 vicarius.

266 4291 373 4356 Oboio.
396 4293 608 4358 bernhardus
628 4301 659 4358 et
674 4293 724 4356 aiii
741 4314 828 4378 quam
851 4291 963 4377 plures.
986 4294 1095 4356 Datum
1115 4312 1191 4356 anno
1207 4292 1327 4356 Domini
1345 4293 1388 4354 nr
1400 4292 1464 4356 00⁰

263 4399 394 4463 ΙΙΙΙΙΙΙΙΙο
409 4400 592 4466 indiccione
608 4402 655 4470 xi.
675 4401 809 4486 Septimo
827 4401 884 4464 irai.
903 4402 984 4465 Maii.

997 4535 1013 4574 Ε
1028 4532 1158 4573 chartulario
1173 4531 1256 4573 mohin
1272 4533 1307 4576 ΙΙΙ.
1322 4534 1359 4573 toi.
1374 4534 1408 4576 ei.
