3242 5350
286 496 328 561 12

285 687 344 747 tam
354 681 545 767 presentibus
553 702 640 766 quam
647 682 757 747 tuturis
766 688 867 747 notum
879 684 1024 749 esserolo
1037 689 1142 750 tenore
1153 688 1346 770 presencium
1354 687 1483 752 criden-

283 797 346 862 ter.
363 790 449 874 Quod
466 811 533 856 cum
550 791 681 857 ecclesia
697 792 728 855 in
745 791 937 877 Chalnpercb
953 793 1080 858 baberet
1095 794 1233 878 quartale
1258 797 1375 877 ingeris
1391 797 1483 861 unius

284 902 381 974 vinee,
395 899 474 985 quod
486 920 553 965 cum
566 901 645 965 omni
657 899 822 984 diligencia
835 903 872 966 ad
884 904 979 986 ipsius
993 902 1126 968 ecclesie
1139 902 1297 968 utilitatem
1311 906 1481 988 perlectum

284 1030 343 1073 non
358 1029 480 1095 possem
497 1009 640 1092 redigere
655 1030 711 1095 per
723 1011 881 1084 culturam,
898 1032 973 1077 ecce
988 1013 1028 1078 de
1040 1013 1171 1079 ennodio
1183 1021 1215 1078 et
1226 1014 1306 1079 bono
1317 1016 1483 1079 voluntate

284 1119 385 1185 tocius
392 1119 497 1207 plebis
509 1119 554 1184 od
563 1119 681 1185 dictam
693 1122 859 1185 ecclesiam
866 1122 1062 1208 pertinentis
1074 1120 1192 1187 cuidam
1204 1124 1325 1186 nomine
1334 1122 1482 1187 dlbrecbt

282 1247 338 1312 pro
356 1225 408 1288 LX
425 1226 494 1290 den.
512 1227 633 1291 vendidi
648 1229 707 1293 hoc
723 1234 823 1312 pecto,
847 1234 878 1293 ut
894 1229 933 1293 de
948 1230 1013 1314 ipsa
1030 1236 1117 1316 perte
1132 1238 1201 1317 post
1218 1250 1325 1295 annum
1347 1230 1482 1295 futurum

285 1341 315 1398 et
337 1335 482 1418 deinceps
505 1333 633 1399 mediam
655 1356 761 1400 urnam
782 1338 870 1401 annis
894 1337 1022 1421 singulis
1044 1339 1075 1403 in
1097 1338 1245 1403 vindemia
1267 1339 1306 1403 de
1329 1339 1481 1404 fructibus

282 1444 416 1508 eiusdem
433 1447 550 1509 servire
567 1442 678 1509 debeat
693 1444 826 1510 ecclesie
838 1445 1000 1511 antedicte.
1018 1446 1182 1512 Sciendum
1198 1453 1231 1512 et
1245 1448 1334 1535 quod
1343 1449 1479 1514 eundem

280 1552 453 1642 pecuniam
475 1553 517 1618 de
536 1554 618 1618 cortu
642 1561 674 1618 et
696 1554 828 1620 oonsilio
845 1556 951 1641 plebis
966 1556 1116 1622 unicorne
1136 1558 1319 1645 consumpsi
1332 1558 1367 1622 in
1381 1578 1483 1645 opere

284 1661 497 1748 campaniani
507 1662 649 1738 ecclesie,
665 1663 857 1751 oimstpotet.
875 1663 920 1727 Ne
934 1670 1031 1729 autem
1044 1664 1122 1729 idem
1135 1664 1202 1729 dib.
1216 1664 1265 1730 rel
1278 1666 1323 1728 sui
1335 1663 1481 1736 heredes,

284 1772 526 1854 unicuicumque
545 1770 715 1835 vendiderit
734 1769 772 1834 ad
785 1772 944 1836 servicium
956 1779 1152 1838 memoratum
1164 1779 1226 1837 tam
1242 1795 1259 1837 a
1275 1773 1372 1847 nobis,
1390 1792 1481 1857 quam

284 1879 425 1943 anostris
446 1879 676 1944 successoribus
692 1878 802 1944 debeat
819 1880 850 1943 in
869 1881 949 1945 dicta
969 1882 1054 1945 uinea
1068 1881 1272 1966 calumpniose
1284 1885 1313 1946 in
1326 1887 1482 1967 posterum

284 1988 452 2071 aggravari,
461 1992 633 2072 presentem
643 1989 783 2073 paginam
792 1988 904 2054 domini
912 1991 971 2053 mei
979 1990 1119 2076 Nyooloi
1124 1991 1316 2057 venerabilis
1321 1991 1485 2079 prepositi

283 2096 560 2185 Newnburgensis,
576 2096 607 2160 in
624 2096 709 2160 cuius
725 2098 884 2181 presencia
901 2104 932 2163 et
948 2099 1149 2184 permissione
1164 2101 1276 2165 lactum
1301 2105 1358 2172 est,
1377 2098 1480 2180 sigillo

283 2205 454 2269 roboratam
483 2204 620 2289 sepefato
647 2205 714 2270 dib.
743 2205 807 2270 dari
830 2207 990 2292 impetrari
1014 2209 1044 2272 in
1069 2208 1272 2273 testimonium
1301 2208 1424 2273 evidens
1449 2212 1482 2272 et

285 2313 439 2378 cautelam.
464 2313 556 2377 Huius
572 2313 619 2378 rei
635 2319 731 2379 testes
747 2321 833 2379 sunt:
865 2317 896 2380 d.
926 2317 1048 2382 Vlrioos
1068 2317 1227 2395 decanos,
1255 2318 1287 2383 d.
1308 2318 1482 2393 Amnum,

284 2424 315 2488 d.
333 2425 417 2489 Pado
432 2422 549 2499 senior,
564 2422 596 2487 d.
616 2425 687 2490 ooo
704 2424 909 2502 cellerariae,
930 2426 962 2491 d.
979 2425 1200 2504 Heindordus,
1229 2428 1260 2492 d.
1278 2427 1364 2491 Pado
1377 2426 1483 2513 peda·

282 2554 398 2620 gogus,
421 2532 476 2597 Fr.
493 2532 649 2619 Eberper,
673 2533 849 2599 Heinricos
864 2535 1046 2611 cristianus,
1069 2536 1256 2624 Bodgemss,
1279 2534 1482 2607 Cbonrodus,

286 2641 517 2719 Wembordus‚
542 2640 709 2718 nmocbom,
736 2664 934 2732 perngerus,
959 2643 1142 2710 cbonrodos
1163 2649 1308 2710 murator
1328 2650 1360 2709 et
1370 2647 1483 2729 frater

283 2774 368 2824 scos,
377 2751 564 2817 Cbonradus
569 2752 724 2836 Eyrirrcb,
736 2753 911 2818 dalaricus
916 2775 1052 2841 porcos,
1063 2754 1183 2819 olricus
1191 2753 1351 2856 cwrbcben
1361 2776 1482 2842 acopon,

283 2861 653 2948 Rudgerussrotersuus.
666 2860 773 2925 Datum
782 2861 867 2925 duno
880 2861 998 2926 Domini
1011 2860 1189 2926 M⁰CC⁰le
1203 2861 1269 2926 XIV
1278 2862 1341 2926 llal.
1350 2860 1479 2927 ianuar.

961 2987 977 3025 11
993 2986 1123 3026 monitorio
1138 2986 1221 3027 Arebiri
1236 2988 1275 3027 llr.
1290 2987 1325 3031 111.
1340 2987 1375 3026 iul.
1390 2990 1424 3028 77.

357 3073 412 3129 dus
434 3074 522 3131 dieser
542 3076 668 3131 Urkunde
691 3077 778 3146 ergibt
798 3077 856 3133 sicb
879 3077 927 3131 das
948 3076 1221 3133 Prosentationsrccbt
1249 3077 1292 3132 idr
1324 3077 1367 3131 die
1384 3077 1483 3132 Plerre

284 3163 444 3236 Kallenberg
456 3166 495 3220 als
507 3166 567 3221 dem
580 3164 660 3222 Stille
674 3167 827 3223 rustebcud.

835 3331 928 3410 XVl.

475 3473 641 3532 Aimuder
652 3476 672 3530 1
674 3473 705 3530 V.
718 3474 850 3546 omues
860 3474 908 3530 dic
920 3474 1095 3544 Prioilefim
1107 3474 1156 3530 der
1169 3472 1279 3548 scopa
1295 3505 1301 3518 ι

693 3604 753 3658 Dat.
766 3603 831 3658 Rom
844 3603 888 3659 17.
900 3602 975 3677 April
989 3602 1068 3658 1261.

373 3732 563 3799 Alexander
583 3734 753 3823 episcopus
773 3756 884 3801 securos
905 3756 1068 3800 emonem
1089 3733 1160 3798 Dei.
1195 3731 1323 3797 Dilectis
1346 3730 1417 3796 filiis
1439 3733 1478 3796 N.

285 3841 442 3926 Preposito
465 3849 495 3906 et
518 3840 652 3928 Capitulo
672 3841 811 3907 Ecclesie
834 3842 946 3907 Sancte
963 3842 1058 3906 blarie
1074 3840 1332 3926 Nyemburgensis
1354 3839 1480 3906 Ordinis

284 3952 380 4015 sancti
393 3951 551 4034 Augustini
564 3951 750 4018 Patariensis
763 3953 902 4016 Diocesis
915 3951 1050 4018 Salutem
1063 3958 1094 4015 et
1107 3951 1301 4035 apostolicam
1310 3949 1481 4016 benedicti·

159 4040 162 4046 ’
285 4078 382 4124 onem.
413 4058 518 4122 Cuma
537 4058 622 4124 nobis
639 4062 765 4145 petitur,
788 4060 867 4143 quod
884 4062 994 4124 iustum
1012 4065 1043 4123 et
1058 4058 1217 4122 honestum
1234 4064 1297 4131 est,
1313 4066 1374 4121 tam
1391 4059 1479 4141 rigor

284 4167 463 4251 aequitatis,
486 4186 573 4251 quam
596 4168 671 4232 ordo
694 4169 789 4252 exigit
809 4169 949 4239 rationis.
977 4174 1008 4232 ut
1030 4168 1061 4232 id
1077 4188 1133 4252 per
1147 4165 1369 4232 solicitudinem
1385 4166 1481 4231 officii

284 4278 380 4341 nostri
395 4276 433 4340 ad
449 4274 583 4341 debitum
600 4277 785 4360 perducatur
800 4276 950 4342 effectum.
980 4276 1023 4341 Ea
1039 4281 1165 4361 propter
1180 4275 1281 4341 dilecti
1302 4277 1335 4339 in
1356 4274 1478 4341 Christo

285 4384 340 4447 lilii
361 4385 471 4450 restris
494 4386 582 4451 iustis
603 4385 854 4472 postulationibus
882 4392 968 4469 grato
990 4387 1208 4451 concurrentes
1224 4404 1351 4449 assensu
1373 4404 1477 4449 omnes

285 4491 442 4557 libertates
472 4501 503 4558 et
531 4494 731 4559 immunitates
761 4516 777 4559 a
803 4495 943 4561 Romanis
980 4493 1175 4560 Pontificibus
1203 4492 1477 4558 Predecessoribus

226 4582 232 4594 ’
286 4603 397 4666 nostris
420 4601 562 4667 Ecclesie
585 4609 686 4668 vestre
702 4624 880 4677 concessas,
903 4625 961 4669 nec
977 4625 1035 4667 non
1051 4602 1207 4668 libertates
1223 4607 1255 4667 et
1270 4604 1477 4686 exemptiones

284 4712 465 4776 secularium
497 4713 684 4778 exactionum
715 4711 890 4797 aliegibns
922 4717 953 4776 et
980 4710 1170 4795 Principibus
1202 4709 1330 4796 aliisque
1361 4709 1478 4777 Christi
