3242 5350
658 768 768 840 XXIV.

123 900 225 955 roan
250 918 310 957 von
338 902 504 973 Mermnnp
532 904 669 960 reuerent
692 906 740 961 ein
764 904 824 977 suf
842 904 1013 975 Iseilpcdinp
1040 903 1198 960 adulteres
1224 905 1319 962 Μαι·

390 994 586 1049 Zenentneim
602 1011 667 1049 vom
685 995 839 1067 anubem
859 995 903 1050 dei
926 995 1045 1068 Hoplein.

471 1121 546 1175 nrt.
564 1120 698 1177 Klosteru.
720 1121 765 1175 24.
779 1122 851 1177 lltrz
869 1122 950 1176 1274.

200 1227 266 1308 Ego
283 1228 455 1295 Joltonnes
470 1232 722 1297 dedierswonols
738 1237 846 1295 tenore
862 1232 1052 1316 presencium
1069 1230 1224 1313 profiteor,
1238 1231 1318 1316 quod

121 1335 187 1397 dnus
198 1356 284 1400 meus
298 1337 467 1421 Nyoolons
481 1338 674 1404 Venerabilis
685 1339 873 1426 prepositus
883 1340 1149 1426 Neoondnrpensis
1163 1343 1318 1423 totumque

120 1444 273 1526 capitulum
297 1443 416 1509 ibidem
440 1448 532 1510 michi
555 1455 585 1511 et
601 1448 727 1512 domine
744 1448 913 1535 Wslsoirpi,
929 1448 1031 1513 neeri
1044 1469 1126 1519 mee,
1150 1447 1224 1512 dnm
1247 1448 1318 1533 ipse

120 1552 254 1616 domim
271 1555 467 1639 prepositus
486 1557 536 1620 ire
549 1556 676 1621 dederet
697 1555 742 1620 od
756 1557 922 1621 concilium
942 1554 1149 1643 penerole'),
1172 1557 1207 1619 in
1222 1576 1316 1641 snpe-

119 1661 192 1724 n‘ori
203 1671 313 1726 monte
330 1662 524 1750 Apcdpercls
536 1684 641 1751 prope
653 1664 796 1729 lsooelein
814 1684 901 1727 unam
918 1671 1064 1727 carratam
1081 1664 1143 1728 vini
1162 1662 1317 1728 decimalis

119 1768 315 1833 invindemiis
331 1776 469 1854 tempore
481 1770 676 1844 solummodo,
691 1792 748 1856 quo
762 1771 850 1836 umbo
862 1773 1093 1855 superviximus,
1105 1792 1160 1854 pro
1174 1778 1316 1857 quatuor·

119 1876 205 1941 decim
236 1876 333 1940 libris
365 1880 555 1943 denariorum
587 1881 795 1944 viennensium
826 1882 912 1944 annis
945 1879 1075 1961 singulis
1112 1878 1315 1950 tradiderunt.

118 1986 355 2070 quandocunque
367 1992 465 2050 autem
478 1993 624 2052 carratam
636 1989 781 2071 integram
794 1986 909 2052 hebere
925 2008 984 2051 non
997 1988 1161 2072 poterimus
1174 1988 1205 2051 in
1217 1992 1317 2051 monte

119 2092 308 2176 supradicto,
333 2094 420 2160 nobis
441 2097 630 2180 supplebitur
651 2117 718 2160 cum
739 2096 808 2160 vino
835 2095 976 2160 decimali
999 2098 1030 2159 in
1054 2095 1192 2160 interiori
1216 2101 1315 2159 monte

118 2204 318 2290 lpclspercls,
335 2204 462 2287 insuper
477 2203 623 2268 desimam
639 2205 701 2269 vini
722 2205 760 2268 de
776 2204 864 2268 vinea
881 2209 981 2269 nostra
997 2205 1056 2267 sita
1077 2204 1107 2267 in
1124 2202 1317 2292 Apoloperels

120 2311 196 2373 nobis
212 2311 251 2374 ad
269 2312 343 2375 dies
359 2316 480 2375 nostros
503 2331 578 2377 voce
594 2313 725 2376 unanimi
745 2311 924 2376 relaxarunt.
949 2311 988 2375 vt
1003 2317 1101 2377 nutem
1118 2318 1178 2377 tam
1199 2318 1317 2376 carrata

120 2419 171 2482 vini
190 2420 352 2504 predicte,
382 2439 470 2502 quam
492 2421 589 2485 eciam
609 2419 725 2485 decima
753 2420 792 2484 de
813 2421 899 2485 vinea
922 2426 1084 2485 memorate
1105 2426 1175 2505 post
1201 2420 1317 2485 obitum

119 2533 245 2591 nostrum
261 2528 306 2591 ad
317 2527 599 2610 Nennlrurgenscm
612 2527 782 2591 Ecclesiam
794 2527 898 2591 redire
911 2528 1021 2593 debent
1031 2530 1098 2592 sine
1110 2528 1173 2603 lite,
1186 2548 1317 2612 presen-

120 2640 173 2697 tem
186 2634 311 2700 literam
326 2635 358 2698 in
374 2636 494 2718 signum
511 2636 635 2700 evidens
651 2638 710 2701 mei
725 2636 821 2718 sigilli
837 2637 998 2702 munimine
1015 2638 1204 2721 consignavi.
1222 2637 1316 2702 liuius

121 2745 158 2807 rei
169 2751 267 2808 testes
285 2750 360 2808 snnt
371 2746 411 2808 D.
425 2745 597 2809 Heinrions
611 2746 767 2831 pledonns
778 2746 884 2810 saneti
898 2746 970 2818 loci,
992 2749 1033 2811 D.
1050 2747 1096 2810 Ul.
1110 2723 1191 2810 et'D.
1207 2745 1263 2810 Cla.
1276 2745 1317 2808 ds

120 2852 286 2935 lillidovf.
309 2854 350 2917 D.
367 2853 530 2918 Districns
549 2853 589 2916 de
606 2853 849 2935 Cloricnendom
874 2854 1043 2919 Fridricus
1066 2853 1170 2920 diclns
1193 2855 1318 2937 llysen·

117 2963 227 3045 pcnlel.
248 2961 297 3025 Vl.
313 2962 355 3024 oe
370 2961 497 3044 Epsoon
514 2961 600 3047 Mop.
621 2958 797 3026 Wolllserus
814 2960 955 3026 vicarius
971 2961 1197 3048 (eunomus),
1217 2961 1316 3052 Hein-

119 3069 196 3132 ricus
206 3070 249 3133 cle
264 3069 331 3140 Ow,
349 3069 551 3133 Hermonassa
566 3069 607 3133 oe
617 3065 807 3139 Mollerow,
820 3070 992 3135 Heinrions
1009 3078 1040 3135 et
1050 3069 1258 3134 Peredtolelus
1273 3069 1315 3132 de

119 3173 253 3241 lsooelein
265 3183 298 3240 et
308 3176 396 3240 multi
407 3175 466 3238 alii.
481 3176 586 3238 Datum
599 3174 838 3242 inNewndurolo
852 3197 927 3241 anno
937 3177 1055 3240 Domini
1067 3174 1177 3239 nec·
1183 3173 1314 3240 LXXIV.

120 3280 154 3345 lx
167 3284 229 3349 Kar
245 3285 372 3371 Aprilis.

588 3435 604 3473 E
619 3435 751 3482 caurtalsrio
765 3435 849 3476 Archiv}
863 3437 901 3482 ΙΙΙ,
914 3437 953 3478 lsi.
967 3437 1004 3482 tl,
1018 3449 1037 3482 ι,
1052 3441 1073 3477 st
1087 3437 1141 3482 vlu,
1156 3448 1204 3489 pag.
1220 3436 1255 3477 88.

668 3603 763 3677 XXV.

126 3759 296 3834 illustriss
302 3760 359 3834 for
372 3757 420 3814 dle
430 3756 495 3813 leil.
511 3758 699 3832 Goistcopello
708 3759 740 3815 in
752 3758 804 3815 der
813 3759 1000 3833 Sttftslstrclss
1010 3775 1046 3813 su
1059 3757 1312 3828 Klostemeudury.

493 3885 555 3939 nav.
573 3883 649 3940 lidus
667 3886 712 3940 25.
727 3886 833 3956 August
853 3886 932 3940 1275.

198 4016 364 4083 lohannes
388 4015 499 4098 elesino
514 4015 724 4080 miseracione
747 4014 890 4079 lleolesio
906 4014 1099 4079 Clsiemerteis
1121 4013 1311 4101 Episcopus.

122 4124 259 4188 vniversis
276 4123 344 4187 Xsti
360 4121 510 4194 fidelibus,
528 4122 566 4186 od
582 4143 659 4207 quos
676 4125 849 4205 pervenerit
865 4143 993 4205 presens
1007 4124 1164 4205 scriptum,
1181 4122 1311 4186 sulutem

122 4231 147 4292 in
168 4234 295 4295 omnium
319 4229 480 4295 salvatore.
505 4230 557 4294 Pia
583 4236 678 4294 mater
701 4231 832 4294 ecclesio
856 4230 895 4293 dc
918 4229 1046 4294 filiorum
1071 4250 1211 4304 suorum,
1235 4251 1312 4315 quos

123 4341 310 4422 spiritualiter
334 4340 456 4420 genuit,
479 4339 577 4402 salute
599 4339 747 4408 sollicita,
775 4338 953 4424 quibusdam
976 4338 1117 4401 illectivis
1139 4338 1311 4402 muneribus

122 4444 305 4512 devocionern
321 4445 454 4512 fidelium
480 4446 607 4510 incitare
630 4446 787 4511 consvevit
812 4445 851 4510 ad
866 4445 960 4510 debiti
985 4446 1144 4511 tumulatus
1165 4445 1311 4511 honorem

153 4683 182 4754 ³)
200 4683 385 4755 Lugdunensis.
