3242 5350
1261 511 1312 583 83

131 689 299 774 torpescis,
314 697 347 753 et
372 688 546 753 Heinricas
573 675 744 753 eanonicus
766 687 916 768 regularis
939 685 1049 751 ibidem
1072 709 1128 753 vna
1156 710 1223 753 cum
1250 691 1313 753 suis

131 795 326 880 eomplicibus
337 797 433 871 laicis,
447 797 565 862 scilicet
577 796 898 883 dominoMnrpaardo
909 799 949 863 de
959 797 1155 869 Metellum,
1168 798 1315 881 simulque

129 904 192 968 aliis
207 906 404 988 presentibus
421 907 498 969 infra
516 905 648 989 seriptis,
665 906 714 989 qui
731 906 800 969 huic
812 906 892 968 laeto
909 906 1044 976 aderant,
1061 905 1180 970 scilicet
1195 904 1313 970 damino

127 1012 282 1095 Nycolco,
316 1016 417 1080 Vlrioo
443 1016 483 1079 dc
509 1012 729 1101 Steipapcreb,
758 1013 903 1077 iratribus
928 1014 1001 1078 dicti
1023 1014 1131 1078 domini
1159 1016 1316 1080 Hadmari

128 1121 272 1204 quondam
287 1123 451 1206 prepositi,
469 1131 500 1186 et
515 1122 642 1206 quodam
659 1120 738 1186 dicto
755 1122 793 1185 de
809 1124 999 1206 Epimeni,
1022 1131 1053 1186 et
1076 1123 1202 1208 quodam
1226 1126 1312 1190 dieto

125 1230 164 1293 de
176 1228 394 1307 Sibenbirten,
411 1233 557 1297 Joaanne
571 1232 611 1295 de
625 1238 736 1297 sonmo
752 1233 831 1307 loca
850 1232 962 1297 Ottone
974 1239 1175 1318 copnomearto
1194 1233 1307 1298 Claren-

124 1362 192 1404 σιω·
202 1360 276 1404 caan
291 1363 349 1406 eaeo
357 1343 424 1427 alio
438 1341 602 1407 Gebbordn
616 1348 646 1405 et
658 1343 748 1405 sociis
760 1342 963 1424 predictorum
981 1341 1010 1404 in
1023 1341 1189 1405 Ecclesiam
1201 1341 1313 1406 Newn-

123 1447 309 1531 burgensem
333 1471 407 1513 ausu
430 1452 589 1513 temerario
613 1449 794 1515 irruentibus
810 1471 898 1515 manu
911 1456 1030 1527 armata,
1055 1451 1170 1514 scilicet
1192 1449 1312 1533 gladiis,

125 1555 241 1629 lanciis,
258 1559 446 1642 cuspidibus,
463 1566 495 1621 et
509 1557 624 1622 balistis
640 1560 670 1622 in
687 1580 848 1644 persenam
864 1559 975 1623 domini
991 1560 1102 1641 Rugeri
1122 1560 1267 1644 prepositi
1283 1560 1312 1623 in

124 1684 226 1729 mensa
249 1687 319 1730 cum
342 1668 517 1753 quibusdam
539 1666 681 1732 iratribus
696 1688 751 1731 seu
773 1668 927 1733 canonicis
950 1688 986 1732 ac
1003 1668 1069 1732 aliis
1092 1668 1164 1731 viris
1188 1666 1313 1749 ydoneis

123 1772 156 1835 ad
172 1774 385 1857 prandendum
397 1775 628 1841 consedentibus
637 1778 803 1860 evaginatis
819 1775 929 1860 gladiis
941 1777 1141 1861 impegerunt.
1155 1776 1313 1859 ipsumque

123 1883 274 1946 dominum
291 1886 451 1972 dispensa
467 1887 647 1968 prepositum
664 1888 759 1950 minus
780 1888 907 1950 honeste
923 1885 960 1948 de
977 1904 1077 1947 mensa
1095 1885 1223 1947 eiectum
1246 1904 1312 1948 cum

124 1994 238 2055 ceteris
253 1994 307 2076 qui
324 1994 366 2055 ibi
382 1995 516 2066 aderant,
531 1994 663 2058 vestibus
677 1996 770 2058 eciam
787 1994 883 2078 ipsius
896 1994 1012 2057 laniatis
1028 2013 1065 2056 eo
1078 1993 1170 2056 invito
1187 1992 1216 2055 in
1234 1993 1311 2066 loco,

30 2128 32 2163 l
124 2099 171 2161 ubi
189 2099 229 2161 ad
246 2101 453 2184 prandendum
470 2123 535 2166 cum
553 2103 619 2167 aliis
631 2103 819 2194 consederat,
836 2101 1011 2166 detinebant
1025 2103 1181 2186 ipsamque
1198 2101 1310 2164 stubam

30 2196 32 2223 l
123 2207 194 2270 viris
218 2211 343 2273 armatis
365 2213 520 2293 cingentes
541 2211 743 2297 blasphemias
758 2212 956 2297 amplissimas
972 2218 1008 2281 et,
1019 2210 1212 2275 contumelias
1234 2210 1312 2274 irro-

122 2324 230 2400 garunt
250 2320 367 2391 eidem,
389 2320 489 2383 claves
506 2325 537 2383 et
559 2322 743 2385 officinarum
766 2327 796 2384 et
819 2342 868 2385 res
890 2300 1040 2393 ecclesie,
1063 2340 1135 2404 quas
1161 2339 1311 2403 occupare

124 2431 265 2510 poterant
281 2428 432 2492 violenter
448 2449 464 2491 a
481 2428 589 2493 familia
603 2435 783 2513 receperunt
799 2436 830 2494 et
845 2429 1052 2494 nichilominus
1068 2427 1217 2492 dominnm
1231 2427 1311 2492 llad·

124 2556 240 2599 marnm
260 2537 431 2619 predictum
451 2538 536 2601 huius
559 2539 687 2605 nefande
704 2539 882 2604 temeritatis
902 2538 1087 2620 capitaneum
1106 2541 1137 2599 et
1159 2541 1311 2600 auctorem

121 2644 268 2710 inlocum
291 2644 403 2711 domini
426 2648 547 2735 Raperi
559 2649 706 2732 prepositi
726 2649 856 2734 sepefati
880 2646 1055 2710 locaverunt
1079 2668 1132 2733 pro
1149 2666 1204 2710 sue
1226 2646 1310 2711 libitu

123 2753 287 2817 voluntatis
304 2774 363 2819 non
380 2757 446 2820 sine
465 2758 555 2821 multa
571 2758 646 2822 iuris
666 2758 774 2821 iniuria
791 2763 822 2822 et
837 2763 1009 2840 contemptu
1021 2756 1233 2819 ecclesiastice
1249 2756 1312 2820 dis·

122 2865 247 2948 cipline.
264 2865 408 2929 Preterea
423 2863 524 2930 claves
544 2865 732 2929 cellariorum
749 2871 779 2928 et
798 2866 1002 2946 granarinrum
1019 2865 1081 2928 sois
1098 2865 1257 2930 clientibus
1281 2871 1312 2930 et

123 2973 244 3037 lamiliis
261 2975 484 3045 commiserunt,
496 2976 546 3059 qui
562 2994 645 3037 more
666 2979 816 3059 raptorum
834 2974 949 3058 pocius,
966 2992 1052 3056 quam
1066 2983 1310 3038 conservatorum

123 3103 170 3145 res
186 3083 325 3147 ecclesie
349 3085 415 3147 sine
439 3083 627 3148 discrecione
648 3082 783 3167 qualibet
802 3088 950 3168 tamquam
975 3084 1106 3166 rapinam
1129 3082 1312 3165 dissiparunt

124 3190 197 3254 inter
221 3212 257 3253 se
282 3190 505 3274 quomodolibet
526 3190 748 3275 dispensantes.
775 3193 900 3277 lnsuper
921 3191 1049 3255 hostium
1074 3193 1171 3264 stube,
1195 3192 1224 3254 in
1253 3213 1310 3276 qua

125 3308 319 3363 memoratum
340 3299 487 3364 dominum
502 3304 661 3389 Reperiam
684 3302 869 3385 prepositum
889 3299 1037 3364 violenter
1055 3301 1229 3364 detinebant
1251 3306 1309 3364 tam

126 3410 296 3494 impetuose
311 3430 379 3474 cum
395 3409 566 3475 custodibus
590 3409 807 3482 observabant,
833 3416 865 3473 ut
881 3409 1159 3475 nullibonestorum
1181 3409 1310 3472 virorum

125 3525 228 3602 preter
250 3539 355 3583 eorum
378 3519 560 3600 singularem
586 3520 742 3582 licenciam
768 3519 816 3583 vel
838 3519 969 3582 savorem
997 3523 1115 3602 pateret
1142 3516 1309 3601 aliqualiter

126 3627 223 3691 aditus
239 3629 289 3692 vel
305 3629 479 3711 ingressus,
502 3628 590 3691 immo
607 3628 710 3709 paucis
734 3627 771 3691 ad
786 3629 883 3712 ipsum
899 3625 1049 3690 dominum
1066 3626 1248 3710 prepositum
1272 3625 1310 3689 de

126 3738 249 3802 licencia
280 3736 484 3820 predictorum
512 3736 734 3801 malefactorum
758 3735 999 3824 ingredientibus
1021 3735 1138 3798 domum
1168 3754 1310 3816 egressos

126 3845 222 3910 verbis
249 3845 474 3909 contumeliosis
498 3849 529 3907 et
551 3845 670 3929 probris
692 3845 826 3930 plurimis
849 3845 1022 3909 affecerunt.
1048 3846 1161 3928 Sicque
1184 3846 1214 3907 in
1242 3844 1308 3907 istis

127 3954 278 4020 maleficiis
301 3955 352 4018 die
378 3954 496 4036 integra
522 3954 738 4039 perdurarunt,
770 3952 867 4017 donec
893 3953 1011 4018 tandem
1038 3954 1148 4018 nundi
1173 3953 1310 4018 illusam

127 4066 248 4129 minine
264 4064 390 4129 deesse
412 4063 548 4135 Aumrie,
563 4064 684 4128 scilicet
711 4062 913 4148 Toezenpecb
928 4069 959 4127 et
976 4062 1208 4150 Cbiberpariua,
1234 4062 1309 4149 quia

127 4175 258 4240 musteis
283 4172 429 4238 dominae
444 4174 513 4236 dna
528 4172 654 4237 Aeetam
669 4173 782 4237 absens
798 4179 868 4236 erat
890 4179 921 4235 et
936 4173 982 4235 ad
1001 4179 1181 4236 sanctorum
1198 4171 1308 4235 limina

127 4288 291 4351 direxerat
304 4305 432 4372 praenes
446 4305 527 4352 suos,
543 4291 620 4348 nutu
634 4283 688 4348 dci
706 4284 751 4348 ad
764 4282 867 4369 ipsius
882 4282 1001 4346 domini
1015 4282 1135 4367 dispari
1153 4282 1310 4367 prepositi

127 4395 346 4461 &accionem
361 4394 402 4458 dc
419 4392 548 4458 Wienna
564 4393 697 4457 cetea-ius
713 4398 924 4479 properantes
940 4411 1005 4454 cum
1024 4393 1148 4454 honesta
1169 4390 1306 4452 comitiva

127 4504 260 4568 inclinata
275 4503 335 4566 iam
351 4501 402 4565 die
419 4503 548 4575 omnino,
570 4500 642 4565 hora
665 4502 782 4566 scilicet
803 4500 992 4582 completorii
1009 4502 1079 4563 moti
1096 4499 1162 4563 celo
1185 4499 1306 4581 pietatis

128 4617 260 4696 exparte
280 4611 408 4675 illustris
430 4610 547 4675 domine
567 4611 687 4675 ducisse
709 4609 846 4694 predicte
866 4608 993 4674 eundem
1009 4611 1167 4696 Rapeaum
1185 4629 1305 4695 prepo-

129 4722 215 4785 siture
237 4721 304 4784 sine
319 4721 411 4783 armis
434 4725 464 4783 et
479 4719 543 4783 sine
560 4720 671 4804 impetu
688 4718 823 4802 quolibet
844 4718 1024 4783 verbotenus
1046 4716 1162 4799 legaeio
1182 4723 1306 4801 peracta

1053 4842 1092 4895 6.
