3242 5350
266 510 317 580 24

260 703 315 747 nos
325 682 446 747 minime
458 681 662 766 ooutiugebat.
680 682 879 766 prenominati
894 682 1010 746 Domini
1026 688 1116 767 atque
1133 686 1242 749 fratres
1259 705 1276 747 a
1293 682 1381 749 nobis
1397 684 1460 748 sal·

262 797 324 856 tem
340 791 474 857 decimas
491 791 694 856 absolverunt.
712 790 751 853 Et
766 811 805 853 oe
821 788 964 874 prelibati
980 791 1090 856 fratres
1112 792 1226 856 Domus
1248 792 1461 857 Tbeuthouioe

261 897 436 978 imWieooa
449 919 465 961 a
480 896 564 961 nobis
576 899 625 963 rel
638 898 750 963 nostris
763 898 995 963 suecessoribus
1011 920 1103 984 super
1118 900 1232 965 iuribus
1246 921 1368 985 pernes
1381 902 1460 985 ipsis

260 1004 378 1069 traditis
400 1005 595 1090 imposterum
620 1006 735 1071 valeant
759 1005 948 1091 perturbari,
975 1006 1053 1092 Ipsis
1078 1029 1205 1092 presens
1228 1008 1460 1071 instrumentum

260 1113 435 1195 Sigillorum
460 1120 629 1180 nostrorum
652 1114 814 1178 munimine
839 1113 1010 1179 roboratum
1042 1136 1109 1180 oum
1133 1115 1300 1180 subnotatis
1329 1114 1460 1179 testibus

260 1221 396 1286 duximus
413 1222 625 1304 assignandum
643 1224 674 1286 in
685 1223 890 1287 testimonium
908 1222 1031 1286 evidens
1048 1230 1080 1287 et
1091 1223 1249 1288 cautelam.
1267 1223 1378 1288 Testes
1390 1230 1461 1287 suut

260 1331 300 1393 D.
325 1329 439 1396 istrione
454 1333 621 1404 Decorus,
637 1331 678 1396 D.
698 1331 769 1396 Otto
786 1332 914 1402 Custos,
935 1332 975 1394 D.
995 1331 1172 1396 Woltberua
1189 1333 1229 1396 de
1247 1332 1394 1405 W'renna,
1416 1334 1458 1397 D.

260 1439 489 1523 Moynlrorduo,
523 1441 563 1503 D.
581 1440 665 1504 Pado
678 1440 837 1525 plebanus
852 1460 878 1502 a.
894 1439 1039 1510 Martini.
1059 1442 1099 1504 D.
1119 1441 1283 1505 Conradus
1298 1440 1403 1506 dietus
1418 1441 1461 1505 de

263 1548 498 1635 Vdrlslreratorff,
514 1549 555 1611 D.
571 1547 642 1612 otro
657 1548 699 1611 de
709 1549 925 1634 Proroneperp
936 1554 968 1611 et
981 1548 1086 1612 ceteri
1100 1549 1220 1612 domini
1233 1550 1275 1613 de
1287 1548 1459 1612 Conventa.

260 1656 414 1720 Dominus
426 1656 588 1720 beina-iona
599 1656 758 1742 plebanus
771 1679 796 1720 o.
818 1656 889 1727 lori,
903 1657 1011 1739 frater
1026 1655 1188 1721 deiuriorra
1204 1657 1245 1720 de
1265 1657 1458 1744 aponderplo

259 1765 301 1828 D.
319 1766 501 1829 Dietmaroa
516 1765 557 1829 da
571 1764 722 1851 Koldeplr,
739 1764 931 1829 bmmaonnua
950 1770 983 1828 et
997 1766 1151 1830 Emeom
1162 1766 1226 1850 filii
1246 1765 1459 1837 betamannni,

260 1873 339 1936 Kolo
356 1873 519 1957 officialia,
542 1872 698 1961 Mopr'oter
719 1872 897 1938 Walrlenn
915 1872 1090 1944 vitriarias,
1113 1873 1284 1938 Heinrieua
1309 1873 1462 1960 Clasiqer

261 1981 347 2046 cinea
369 1981 627 2069 Nradarpensea‚
650 1981 795 2045 dmninoa
819 1982 1000 2067 leopoldus
1022 1981 1063 2044 de
1086 1982 1286 2054 anemonas,
1314 1982 1461 2046 minua

259 2090 440 2154 Paltromus
456 2097 531 2154 anto
547 2090 757 2164 Cimiterr‘um,
781 2089 963 2154 Poltromus
983 2089 1072 2154 Votzo
1100 2091 1184 2155 eirea
1212 2091 1412 2155 Waennenoeo
1428 2097 1462 2154 et

258 2198 318 2262 olii
329 2217 416 2282 quam
428 2197 547 2281 plurimi
561 2197 620 2261 tide
637 2196 731 2279 digni.
745 2199 818 2261 Aeta
831 2205 901 2260 suut
913 2197 971 2261 heo
980 2217 1057 2260 anno
1070 2198 1183 2262 domiui
1192 2198 1235 2261 M⁰
1244 2196 1457 2261 CC⁰thllV⁰.

332 2323 389 2377 llus
414 2322 474 2377 dom
493 2322 608 2377 runsten
625 2322 831 2375 Debent-Boebes
853 2323 902 2375 sub
927 2321 973 2376 Nr.
992 2322 1055 2382 125,
1081 2322 1162 2375 letale
1181 2322 1264 2375 Seite.
1290 2321 1372 2375 Unter
1403 2322 1457 2374 deo

260 2414 367 2482 Zeugeo
381 2412 522 2468 verdieneo
536 2411 580 2465 die
593 2411 657 2466 awai
667 2412 798 2466 Paltrame
811 2429 862 2468 roo
874 2411 951 2467 Wieo
965 2414 1004 2468 als
1016 2413 1081 2468 awai
1094 2415 1233 2483 getreoots
1245 2412 1381 2465 Personsn
1394 2412 1460 2465 ber-

259 2505 429 2575 rorgolroben
449 2521 480 2558 zu
499 2503 615 2558 werdon.

682 2654 687 2669 ⁸
804 2638 913 2709 XXIX.

261 2777 425 2852 Morqrrord
450 2794 505 2833 von
528 2775 704 2847 Pidr'obdors
718 2777 854 2850 verbnm
877 2793 916 2831 nn
935 2775 1065 2831 Districlr
1083 2793 1137 2830 oon
1155 2774 1333 2845 nonensem
1353 2775 1462 2832 Gallim

739 2884 778 2921 zu
796 2864 982 2940 Emerrdorf.

660 2967 720 3020 Dat
739 2985 760 3021 s.
779 2968 797 3020 Ι.
824 2967 869 3021 25.
888 2966 958 3021 llum
981 2965 1061 3019 1277.

352 3080 385 3142 ln
407 3079 526 3141 nomine
550 3083 654 3142 sancte
678 3082 709 3140 ei
723 3077 877 3142 individue
901 3077 1056 3140 trinitatis.
1080 3095 1178 3142 amen.
1204 3076 1246 3138 Ex
1262 3096 1321 3161 quo
1340 3083 1462 3149 onusta,

263 3208 321 3272 que
333 3189 363 3251 in
379 3193 516 3269 tempore
533 3189 636 3249 ereata
653 3191 733 3257 suot,
745 3185 834 3248 simul
851 3205 919 3249 oum
930 3190 1065 3268 tempore
1082 3191 1238 3248 transeunt
1261 3191 1293 3249 et
1308 3183 1460 3257 labuntur,

262 3298 391 3361 humane
409 3293 557 3379 siquidem
575 3294 717 3357 memorie
734 3293 770 3356 ab
787 3294 895 3358 intuitu
912 3299 1095 3360 evanescunt
1113 3295 1172 3357 nisi
1187 3294 1340 3357 literarum
1357 3313 1462 3356 reme·

263 3407 320 3470 diis
343 3404 570 3487 sigillorumque
595 3400 864 3473 roboracionibus,
886 3404 1005 3467 testium
1022 3422 1154 3467 necnon
1178 3400 1463 3465 confirmacionibus

261 3513 440 3578 muniantur.
472 3510 629 3575 Vniversis
645 3510 741 3594 igitur
754 3529 789 3573 ao
806 3509 935 3592 singulis
951 3509 1029 3574 bano
1045 3510 1163 3576 literam
1179 3510 1380 3594 inspecturis,
1396 3507 1464 3573 les·

262 3622 338 3687 turis
350 3641 405 3684 seu
422 3618 569 3683 audituris
586 3620 626 3681 sit
642 3618 843 3690 manifestum,
864 3617 944 3703 quod
961 3639 1019 3706 epo
1034 3618 1250 3684 Maroborduo
1263 3618 1304 3682 do
1322 3615 1463 3682 Pt‘llecb·

262 3733 342 3815 dors
350 3749 406 3793 rna
422 3747 490 3792 eum
506 3726 581 3790 meis
598 3726 760 3791 heredibus
776 3726 870 3790 libera
887 3746 924 3791 aa
945 3727 1043 3816 seluta
1059 3725 1221 3798 uoluntate,
1239 3744 1371 3807 congrue
1387 3744 1464 3788 oon-

261 3839 453 3920 reoientique
465 3834 689 3904 deliberacione
700 3835 844 3901 Dietriro
856 3835 898 3900 de
911 3835 1143 3922 Cbollenperpe
1159 3835 1284 3918 suisque
1296 3831 1464 3897 heredibus

262 3929 420 4030 rtriuoque
431 3963 519 4007 sexus
535 3951 660 4009 nostros
670 3943 815 4009 redditur
826 3952 881 4009 aaut
893 3951 1034 4008 normam
1045 3943 1139 4008 rioilo
1151 3943 1210 4015 ina,
1227 3942 1312 4030 quod
1322 3941 1356 4005 in
1367 3943 1463 4029 vulpe

261 4052 457 4144 pnrolrrecbt
472 4059 685 4138 nonoopatur.
702 4052 779 4116 aiios
794 4053 829 4116 in
843 4053 1049 4135 Enzerratorfi
1070 4051 1156 4138 qood
1169 4051 1255 4116 iocor
1269 4051 1326 4115 aab
1348 4057 1464 4122 monte,

262 4164 318 4252 poi
329 4160 545 4250 pdoaenberulr
565 4159 698 4232 dior'tar,
721 4161 870 4225 videlicet
884 4182 980 4225 onom
996 4160 1109 4224 librom
1132 4159 1338 4224 denariorum
1361 4157 1462 4221 roien·

263 4271 407 4336 namium
429 4276 568 4343 monete,
597 4266 714 4331 xxvur
737 4289 863 4344 roseos,
892 4268 958 4332 xiv
978 4269 1087 4356 pullos
1114 4287 1173 4332 nee
1203 4287 1267 4331 non
1288 4265 1314 4329 X
1342 4265 1464 4331 solidor

264 4399 391 4444 ovorum
402 4377 540 4449 vendidi,
552 4378 603 4462 qui
616 4376 736 4441 scilieet
750 4376 889 4441 redditus
902 4376 1049 4440 aunuatim
1066 4395 1121 4459 pro
1132 4381 1205 4439 tuoe
1218 4373 1363 4457 temporis
1380 4371 1466 4438 colo·

264 4508 319 4552 nos
336 4505 391 4569 per
407 4505 510 4548 manus
526 4484 696 4549 Revereodi
712 4484 823 4550 domiui
840 4485 950 4549 domini
971 4484 1134 4550 Cbonrodi
1145 4481 1305 4570 prepositi
1318 4482 1466 4546 Ecclesia

262 4594 483 4662 sandeMorr'e
495 4594 737 4682 a‘nNerondterqo
747 4595 777 4657 in
785 4593 924 4677 predicto
935 4593 1044 4677 oppido
1058 4593 1237 4656 constitutos
1248 4611 1302 4654 seu
1313 4588 1464 4653 stabilitos

261 4702 351 4790 pleno
367 4703 444 4777 iure,
459 4701 706 4788 quemadmodum
722 4702 779 4767 alia
796 4702 937 4773 seruicia,
953 4701 1134 4786 obligantur.
1151 4699 1250 4764 eidem
1266 4698 1348 4764 dioto
1370 4698 1463 4766 nier-
