3242 5350
264 530 315 601 22

264 703 427 758 Bewohuern
446 699 494 754 des
513 697 592 753 Ortus
611 698 759 768 Strupbing
779 698 942 768 bewiliigten
960 698 978 752 2
996 713 1081 767 genes
1107 696 1160 749 und
1185 697 1203 750 4
1222 695 1299 750 bulbo
1312 693 1460 764 Freijubre‚

260 793 314 847 und
334 792 383 846 dor
402 789 521 846 Verbuui
531 790 580 845 der
598 789 686 842 monn
713 806 744 842 zu
764 788 851 860 Elling
876 806 909 842 sn
928 788 977 842 der
996 787 1042 841 Uri
1063 803 1096 840 an
1117 786 1169 841 don
1184 786 1286 856 Birgsr
1298 786 1460 841 Gottsebulk

263 901 313 937 ron
339 881 383 952 ips
412 880 545 952 (Fischer.
568 879 601 933 Π.
619 880 682 934 260.
705 878 785 950 262.)
809 879 894 933 Unter
921 878 974 932 den
1001 877 1182 946 engeidbrten
1211 877 1319 945 Zeugon
1346 875 1381 929 ist
1410 874 1460 929 der

264 972 372 1027 Wiener
391 971 584 1032 Stndtricbtor,
612 968 697 1023 tinnio
725 986 775 1023 ron
793 968 889 1032 Tulin,
909 967 957 1022 dor
982 967 1167 1020 bidnzmeister
1189 966 1309 1039 Leopold
1335 983 1384 1019 ron
1412 965 1464 1019 der

263 1062 447 1122 Hocbstrusso‚
465 1060 519 1114 und
539 1059 629 1113 iioimo
650 1060 755 1114 Ottouis
781 1059 914 1131 quondam
938 1058 1007 1111 filius
1027 1058 1255 1119 borrorzubeben3
1280 1073 1310 1109 so
1322 1055 1369 1109 nie
1389 1054 1460 1109 uucb

265 1152 313 1207 der
331 1151 535 1205 Gissermeister
552 1150 683 1203 Woltbor.
705 1149 761 1203 Der
784 1148 936 1218 gleicbiulls
955 1149 995 1203 uis
1019 1148 1109 1218 Zeugs
1128 1147 1329 1201 rorbommonde
1353 1145 1463 1200 Piurrer

263 1260 314 1298 ron
327 1242 366 1296 St.
380 1240 475 1295 Martio
488 1259 520 1294 zu
533 1240 762 1311 Klosternouburg
774 1241 809 1294 ist
821 1238 869 1293 der
880 1238 984 1293 Bruder
999 1239 1047 1292 des
1059 1239 1187 1309 Propstes
1198 1237 1332 1293 Nicoluus.

337 1331 456 1402 Loopold
470 1348 519 1385 ron
539 1330 587 1385 dor
599 1331 773 1386 Hoebstrnsse
786 1331 855 1383 sebit
872 1331 898 1384 in
916 1331 976 1384 dem
989 1330 1188 1384 Vereeiehnisss
1206 1328 1255 1383 der
1267 1328 1463 1389 Minimeister,

264 1423 307 1478 bei
325 1422 436 1477 Fischer
446 1422 508 1476 Not.
526 1421 590 1497 Urb.
603 1420 678 1477 Vrnd.
698 1439 725 1493 p.
744 1421 804 1483 di„
824 1422 921 1475 obenso
936 1421 1019 1475 fluuio
1038 1439 1088 1475 von
1102 1421 1180 1475 Tullo
1198 1423 1276 1497 untur
1294 1419 1346 1474 don
1367 1417 1464 1472 staut-

263 1514 382 1569 ricbtern
400 1513 435 1566 ib.
454 1530 482 1584 p.
502 1512 563 1567 123.

800 1680 926 1752 XXVII.

271 1822 387 1891 thrnp
412 1820 552 1875 zocbcben
575 1819 681 1890 Prope
705 1815 843 1873 Nicotaus
866 1816 928 1873 und
951 1818 1015 1874 deus
1039 1816 1196 1874 Murscbnli
1221 1835 1277 1873 oon
1297 1804 1464 1878 Duorum,

266 1913 400 1970 Heinricb
418 1929 474 1968 uon
487 1910 644 1979 Kuenriup‚
662 1909 731 1965 uber
749 1908 795 1964 die
814 1909 1020 1983 verpfnndcten
1041 1911 1131 1966 (iuter
1147 1927 1187 1964 su
1199 1906 1390 1979 Stoizmdors
1403 1907 1465 1962 und

539 2001 623 2057 moen
648 1999 831 2069 Weinycrten
850 2000 985 2073 eusdem
1003 1998 1191 2069 Kolstcnbery.

654 2109 714 2163 Det.
734 2108 811 2162 Wien
837 2110 881 2164 25.
901 2109 972 2163 bien
991 2110 1070 2165 1276.

356 2221 389 2284 ln
404 2219 525 2284 nomine
546 2223 650 2283 sencio
666 2224 698 2283 et
720 2218 872 2284 individue
888 2220 1041 2285 trinitatis.
1058 2238 1155 2284 umen.
1182 2219 1337 2283 Vniversis
1358 2220 1467 2283 christi

266 2329 406 2394 fidelibus
424 2331 597 2411 presentem
614 2329 753 2411 peginam
766 2328 912 2393 audituris
929 2327 976 2392 rei
992 2327 1102 2393 visuris
1114 2328 1286 2393 Heinricus
1301 2328 1342 2392 de
1359 2328 1466 2393 0666-

266 2438 340 2526 rinp
351 2435 571 2503 Morscbumus
586 2443 618 2501 et
634 2437 829 2523 Capitonem
844 2436 972 2502 Austris
983 2437 1109 2501 salutem
1124 2436 1155 2500 in
1173 2456 1221 2508 ee,
1238 2438 1288 2519 qui
1305 2441 1353 2500 est
1368 2437 1469 2500 oroni-

266 2565 316 2610 um
332 2564 403 2610 rere
420 2544 512 2608 selus.
530 2542 616 2625 Quod
632 2546 850 2628 scripturarum
868 2544 1022 2609 confirmat
1038 2546 1200 2610 auctoritas
1213 2545 1333 2608 reritnti
1345 2545 1467 2609 inimica
1563 2610 1571 2619 ‚

267 2653 378 2719 oblivio
407 2660 438 2717 et
467 2654 668 2738 improborum
699 2653 876 2739 improbitas
900 2674 958 2720 non
987 2652 1125 2718 infirmet.
1154 2653 1349 2737 Singulorum
1371 2653 1468 2736 igitur

265 2763 378 2827 noticie
394 2763 541 2827 inculcari
557 2763 692 2827 volentes
710 2767 818 2827 tenore
835 2765 1026 2847 presencium
1044 2768 1254 2847 protestamur.
1272 2763 1352 2846 quod
1368 2784 1471 2849 snper

266 2872 383 2958 oipiuti
397 2872 548 2956 beneficio
571 2872 606 2936 in
621 2870 857 2955 Stoyccendors
873 2892 942 2937 cnm
957 2871 1093 2960 sinpulis
1108 2872 1293 2936 attinenciis
1315 2879 1346 2935 et
1368 2894 1470 2960 snper

266 2981 392 3045 cineum
403 2980 521 3044 dictum
533 2978 849 3065 seuerissimis
862 2979 1064 3068 Cbolnperpe
1079 2980 1173 3046 sitnm
1184 2980 1309 3045 domino
1322 2981 1468 3064 Nycoluo
1586 3011 1599 3034 ·

266 3085 442 3153 venerabili
470 3087 734 3173 Ncseuburpensis
767 3086 901 3151 ecclesie
919 3089 1086 3175 preposito
1116 3095 1148 3152 ct
1170 3089 1307 3154 eiusdem
1333 3090 1471 3154 ecclesie

269 3196 437 3261 conventui
454 3197 583 3260 Centum
595 3195 724 3260 Murcus
735 3195 863 3282 arpenni
880 3194 1071 3261 Wsennensis
1081 3197 1235 3282 ponderis
1251 3198 1349 3262 indie
1363 3199 1472 3264 sancti

267 3305 406 3370 Martini
420 3326 504 3370 nnnc
520 3310 650 3368 ocntnro
662 3304 805 3388 {inoliter
816 3306 1048 3390 persolvemus
1064 3308 1319 3372 commutavimus
1338 3307 1393 3369 sub
1409 3307 1468 3370 hoc

269 3413 373 3485 forma,
386 3419 429 3484 ut,
443 3414 468 3475 si
479 3409 634 3495 predictus
648 3412 820 3495 prepositus
837 3432 904 3476 eum
920 3433 975 3477 suo
992 3418 1138 3478 conventu
1150 3420 1331 3478 memorans
1348 3420 1470 3479 centum

269 3539 386 3584 murcos
404 3520 454 3583 die
469 3518 582 3603 predio
599 3518 686 3582 nobis
703 3520 895 3602 persolverit,
913 3520 1061 3605 prelibato
1078 3520 1184 3606 predia
1201 3542 1268 3586 eum
1284 3523 1371 3586 vines
1395 3521 1470 3587 ebs·

266 3649 326 3714 quo
343 3627 588 3694 contradieciono
600 3626 733 3711 quelibet
745 3628 775 3690 in
791 3629 925 3711 ipsorum
942 3628 1040 3693 libere
1056 3634 1210 3693 transeant
1225 3635 1423 3715 potestatem
1442 3632 1471 3694 si

268 3756 341 3800 vero
359 3736 529 3801 huiusmodi
546 3736 660 3800 solucic
676 3736 873 3818 pretermisso
889 3738 981 3802 tuerit
996 3739 1043 3802 rel
1060 3738 1221 3819 neglecta,
1244 3759 1299 3802 nos
1316 3762 1381 3805 unsa
1397 3762 1471 3805 cnm

266 3846 385 3911 dilectu
397 3866 502 3910 umore
516 3851 626 3909 nostru
642 3842 771 3908 dominu
782 3845 949 3911 Elinobetb
965 3850 996 3909 et
1013 3846 1177 3911 heredibus
1195 3847 1282 3912 uobis
1298 3847 1470 3912 sueceden-

266 3953 347 4018 tibus
358 3958 520 4016 memoratu
531 3951 679 4016 beneficis
692 3972 758 4016 cum
772 3952 923 4017 antedicto
936 3957 1023 4017 vince
1038 3974 1074 4017 eo
1091 3955 1157 4017 iure
1174 3961 1204 4017 et
1221 3954 1319 4026 tituto,
1332 3975 1390 4038 quo
1408 3956 1470 4038 ipsi

266 4064 389 4136 domini,
401 4062 547 4128 videlicet
559 4062 734 4148 prepositus
747 4069 778 4126 et
794 4068 970 4135 conventus,
987 4069 1148 4129 terrueruut
1164 4064 1332 4149 bucusque,
1350 4084 1465 4147 porpe-

267 4178 320 4238 tno
338 4171 507 4236 tenebimur
530 4171 698 4254 possidere.
723 4172 761 4236 Vt
780 4177 879 4236 eutem
896 4172 1016 4254 singula
1038 4191 1097 4256 que
1113 4173 1297 4256 prediximus
1319 4171 1471 4237 firmitatis

267 4280 360 4343 robur
373 4278 538 4350 obtineant,
553 4283 710 4362 presentes
722 4278 827 4343 literas
840 4280 965 4345 ierimus
982 4281 1146 4353 conscribi,
1160 4280 1252 4363 sigilii
1266 4282 1361 4345 nostri
1373 4285 1472 4346 muni-

267 4390 347 4452 mine
371 4407 439 4451 cum
463 4386 630 4451 subnotatis
654 4386 783 4453 testibus
806 4390 1004 4453 conmunitns.
1029 4390 1137 4453 Detum
1166 4389 1201 4454 in
1233 4390 1363 4456 meana
1392 4409 1472 4456 enno

267 4498 372 4582 grecie
388 4494 647 4561 M⁰CC⁰LXXVI⁰.
669 4498 700 4562 in
716 4495 766 4561 die
786 4497 1030 4563 sununoincionis
1046 4497 1174 4581 virginis
1191 4497 1336 4578 gioriose.
1354 4499 1470 4564 Testes

269 4611 338 4670 suut
355 4607 405 4669 bii.
422 4605 577 4670 Dominus
591 4605 764 4673 Heinricns
785 4607 827 4671 de
843 4607 1008 4696 Cbunrinp
1023 4608 1139 4673 senior.
1164 4606 1318 4671 Dominus
1333 4607 1469 4672 Heinri-

272 4736 327 4780 cus
342 4716 382 4781 de
393 4714 577 4780 boonoeide.
590 4716 743 4781 Dominus
759 4711 879 4784 Vicinus
895 4718 936 4783 de
949 4717 1109 4805 Cbopelle.
1123 4715 1279 4782 Dominus
1300 4717 1473 4784 Wcmbnr-
