3242 5350
1259 527 1308 595 uu

147 704 270 765 rtnosorn
281 701 451 765 eonstitetn
460 702 644 764 Sanctorum
656 702 820 765 Benedicti
835 712 865 765 et
876 704 1041 788 Auproatini
1051 704 1193 766 ordinem
1205 702 1309 767 eeleb-

146 818 201 874 rato
217 810 242 870 in
261 808 397 872 Ecclesia
409 807 632 891 Nivuburgeusi
648 809 854 893 inquisicionis
871 810 970 873 ollieio
986 816 1016 874 et
1032 813 1137 874 rimato
1152 811 1311 894 diligenter

146 924 212 980 statu
228 916 361 979 eiusdem
378 915 518 980 Ecclesie
534 921 564 980 et
576 936 780 1000 personarum,
805 918 968 981 invenimus
987 920 1080 1002 ipsam
1098 923 1127 982 io
1139 918 1310 1002 temporali-

144 1026 191 1089 bus
211 1027 343 1108 graviter
370 1023 531 1107 collapsam
561 1032 591 1089 et
616 1024 804 1113 dissipatam,
828 1035 858 1090 et
884 1028 912 1089 in
937 1026 1142 1110 spiritualibus
1164 1027 1307 1112 quodam-

144 1133 219 1223 modo
236 1135 440 1197 deformatam.
458 1133 646 1198 lntendentes
658 1136 750 1214 igitur
764 1135 970 1199 reformarioni
984 1135 1118 1215 ejusdem
1130 1137 1168 1199 de
1181 1138 1306 1200 visceri·

142 1243 190 1306 bus
205 1243 339 1305 karitatis
356 1262 474 1314 causas,
490 1242 567 1305 vnde
582 1243 750 1325 perniciosa
764 1245 886 1308 suborta
900 1245 1018 1307 luerunt
1034 1244 1199 1327 dispendia,
1214 1247 1308 1328 primo

141 1352 265 1415 duximus
278 1351 425 1415 radicitus
438 1350 608 1414 evellendas
621 1357 651 1416 et
661 1352 768 1416 deiude
783 1353 880 1416 vntme
892 1353 995 1415 salutis
1007 1353 1138 1417 remedia
1156 1354 1308 1417 statuenda

141 1459 268 1540 religioni
281 1479 415 1523 consona
427 1464 458 1523 et
470 1459 566 1523 ordini
573 1460 749 1543 perfectiva.
760 1460 840 1523 Sane
852 1463 919 1545 quia
932 1460 1165 1542 Nivnburgensis
1175 1461 1310 1525 Ecclesia

142 1568 276 1633 effrenato
294 1589 419 1633 numero
444 1570 630 1634 evectionum
652 1574 683 1632 et
709 1569 922 1652 supersticiose
944 1569 1051 1633 familia
1075 1577 1133 1632 tam
1155 1570 1309 1654 prepositi,

141 1696 216 1759 quam
240 1674 433 1747 officialium,
455 1696 512 1762 qua
536 1676 594 1758 ipsi
617 1695 674 1739 non
697 1677 763 1739 sine
784 1676 959 1741 ambicionis
983 1686 1051 1742 nota
1075 1678 1211 1742 baotinus
1242 1687 1311 1743 sunt

138 1784 223 1855 abusi,
236 1793 284 1847 est
299 1804 390 1868 quam
405 1783 561 1867 plurimum
577 1790 709 1846 onerata.
723 1781 786 1846 Nos
806 1784 981 1849 abusionem
997 1787 1164 1850 huiusmodi
1189 1786 1309 1850 abolere

138 1892 272 1964 volentes,
289 1892 448 1956 statuimus
465 1899 496 1956 et
511 1893 539 1954 iu
555 1894 665 1956 virtute
681 1899 784 1955 sancte
799 1892 975 1958 obediencie
992 1896 1174 1963 mandamus,
1191 1901 1221 1957 vt
1237 1916 1307 1979 pre·

138 2002 243 2083 positus
259 1997 511 2080 Niwuburgensis
527 1999 669 2069 sedecim,
685 1998 855 2064 Celerarius
871 2008 1012 2085 quatuor,
1031 2003 1191 2066 Inferiores
1214 2004 1309 2069 obici·

138 2108 192 2171 ales
208 2107 336 2170 duorum
356 2106 503 2191 Equorum
519 2127 572 2171 ser
590 2110 779 2172 eversionum
798 2130 919 2173 numero
935 2116 1016 2174 stent
1027 2114 1168 2177 contenti.
1186 2112 1308 2178 Preter-

137 2237 212 2300 pnam
228 2217 259 2279 iu
276 2216 428 2280 evidentis
445 2216 633 2280 necessitatis
649 2216 785 2287 articulo,
802 2218 831 2280 io
848 2238 903 2303 qua
920 2222 1098 2284 creceiones
1120 2241 1190 2285 suas
1211 2222 1309 2287 multi·

136 2325 239 2409 plicent
254 2325 422 2389 seeundum
439 2326 626 2389 necessitatis
642 2327 819 2409 exigentiam
837 2328 1044 2391 incumbentis.
1063 2328 1172 2393 Verum
1188 2333 1255 2415 quia
1273 2352 1309 2396 er
1383 2352 1385 2357 ’

136 2435 316 2515 negligencia
334 2440 366 2498 et
381 2432 527 2498 dilacione
538 2433 684 2497 rationum
701 2455 752 2497 res
772 2435 976 2499 distrahuntur
994 2436 1134 2509 mobiles,
1158 2447 1188 2502 et
1204 2441 1305 2502 immo-

135 2542 204 2606 biles
219 2540 256 2604 ad
273 2543 479 2625 ignoraneiam
497 2541 700 2613 devolvuntur,
718 2549 747 2605 et
760 2542 901 2626 prebetur
918 2544 994 2606 male
1007 2546 1201 2628 dispensandi
1214 2547 1308 2609 facul-

134 2659 182 2713 tas.
206 2650 373 2715 Statuimus
395 2655 425 2714 et
452 2649 587 2714 districte
609 2650 797 2724 mandamus,
823 2659 854 2714 vt
874 2651 1047 2736 Propositus
1069 2653 1306 2735 Nivnburgeosis

135 2759 237 2838 Quater
254 2762 285 2824 in
308 2780 385 2823 auno
401 2780 454 2823 suo
477 2761 631 2823 couventui
656 2760 764 2829 faeiat,
786 2766 849 2824 eta
871 2761 933 2823 suis
950 2760 1135 2826 Obicialibus
1160 2765 1258 2845 exigat
1278 2771 1308 2827 et

134 2870 253 2951 resipiat
269 2869 419 2939 raciones,
435 2867 577 2932 videlicet
593 2867 680 2931 Feria
702 2868 808 2950 Quinta
826 2868 1054 2954 inquibuslibet
1076 2871 1208 2951 Quatuor
1228 2880 1306 2936 tem·

134 2976 248 3057 poribus
265 2977 347 3040 omni
368 2996 453 3038 anuo.
477 2976 615 3040 Prostitis
636 2997 706 3040 vero
731 2977 902 3041 nacionibus
923 2981 952 3041 in
970 2980 1101 3060 Quattuor
1122 2980 1306 3065 temporibus

134 3082 324 3147 Pentecostes
349 3084 468 3147 otlieiue
490 3085 587 3147 statim
604 3091 724 3156 vacent,
747 3083 909 3170 dequibus
932 3092 1001 3150 sunt
1020 3089 1145 3171 prestite
1166 3089 1304 3152 raeiones

132 3197 158 3253 et
171 3191 321 3264 officialis,
339 3193 389 3276 qui
404 3193 553 3256 racionem
566 3194 706 3276 prestitit,
723 3214 757 3256 se
774 3215 830 3256 non
843 3194 960 3274 iugerat
973 3195 1100 3268 officiue,
1118 3197 1213 3261 donee
1228 3196 1304 3261 Pre-

131 3299 236 3383 positus
254 3299 293 3363 de
303 3297 473 3363 Conventus
482 3298 614 3362 Consilio
631 3298 747 3363 ordinet
763 3300 800 3364 de
818 3300 943 3373 eisdem,
956 3303 1169 3386 eireaquarum
1182 3303 1303 3368 ordina·

132 3408 238 3470 cionem
256 3406 354 3491 turpia
372 3413 457 3492 pacta
473 3406 662 3472 intercedere
682 3407 886 3491 prohibemus,
903 3417 934 3473 vt
949 3417 1045 3473 autem
1062 3413 1142 3474 cirea
1166 3414 1302 3476 raciones

132 3518 233 3579 veritas
251 3514 383 3579 lucidius
396 3515 578 3589 declaretur,
599 3517 753 3580 statuimus
780 3522 810 3580 et
829 3519 1015 3590 mandamus,
1035 3525 1065 3582 rt
1083 3519 1256 3604 Prepesitus
1273 3530 1304 3584 et

132 3621 295 3688 Conventus
304 3624 401 3688 omnia
414 3624 527 3707 predia,
537 3624 667 3688 decimas
676 3631 733 3689 tam
745 3625 815 3697 viui,
826 3645 911 3709 quam
922 3626 1014 3697 bladi,
1026 3627 1137 3698 mneos,
1143 3629 1210 3710 jura
1220 3626 1303 3692 Civi-

132 3731 165 3793 lia
176 3741 206 3796 et
218 3732 372 3804 Monmna,
383 3750 437 3795 sev
449 3731 504 3795 alia
518 3734 614 3797 omnia
623 3733 699 3797 bona
712 3739 743 3796 et
754 3733 891 3798 redditus
901 3734 1038 3799 Ecclesie
1050 3757 1104 3800 sue
1117 3735 1155 3797 de
1166 3736 1302 3801 omnibus

132 3839 250 3904 officinis
271 3841 439 3922 registrare
461 3847 637 3923 procurent,
666 3848 696 3906 et
718 3844 880 3924 registrum
909 3841 1075 3906 huiusmodi
1097 3849 1243 3926 reponant
1270 3844 1299 3906 iu

132 3950 285 4012 sacrarium
303 3946 432 4012 fideliter
447 3948 680 4015 custodiendum.
710 3949 864 4014 Obiciales
887 3971 955 4013 vero
973 3951 1102 4030 registra
1119 3950 1176 4015 sibi
1193 3952 1303 4015 iaciant

133 4057 266 4138 specialia
281 4058 313 4119 in
329 4077 381 4120 sua
403 4061 550 4142 potestate
565 4078 716 4130 mansura,
739 4059 776 4123 ad
799 4079 857 4144 que
874 4057 1050 4141 complenda
1067 4061 1200 4142 proxime
1223 4078 1301 4122 nune

131 4166 235 4229 instans
251 4166 360 4229 testum
377 4164 455 4229 beati
471 4164 663 4231 Cholornanni
680 4187 733 4250 pro
751 4167 877 4230 termino
894 4169 1093 4250 peremptorio
1110 4167 1299 4251 deputamus,

133 4293 184 4355 quo
198 4274 315 4358 elapso,
337 4274 365 4336 si
380 4274 525 4357 premissa
546 4276 655 4339 omissa
673 4276 782 4340 luerint
803 4275 849 4338 vel
867 4276 1020 4356 neglecta,
1045 4295 1080 4339 eo
1102 4278 1167 4359 ipso
1184 4277 1299 4359 Prepo·

133 4381 211 4443 situm
226 4388 257 4445 et
271 4401 374 4445 omnes
390 4381 535 4447 otliciales
547 4385 756 4468 suspendimus
772 4406 788 4448 a
804 4383 921 4454 divinis,
939 4390 969 4446 et
985 4404 1147 4468 suspensos
1163 4384 1299 4448 volumus

134 4509 287 4560 remanere,
304 4489 401 4553 donee
417 4491 635 4574 negligenciam
651 4492 818 4557 huiusmodi
831 4491 989 4576 suppleant
1004 4511 1070 4555 cum
1091 4490 1207 4556 effectu.
1226 4490 1300 4555 Pre-

136 4603 208 4661 terea
229 4599 295 4682 quia
312 4598 380 4661 laici
402 4601 510 4684 oppido
527 4600 647 4666 clericis
669 4609 736 4666 suut
750 4599 869 4671 infesti,
892 4608 922 4663 et
943 4601 1088 4663 exstincta
1111 4599 1301 4664 eonscieneie

138 4725 183 4768 sue
198 4706 262 4772 luee
277 4708 452 4792 plerumque
469 4727 527 4791 que
543 4729 595 4773 sua
613 4718 681 4774 sunt
696 4718 834 4794 querunt,
852 4729 909 4771 uon
925 4727 982 4792 que
996 4706 1116 4772 Christi.
1137 4706 1300 4771 Statuimus
