3242 5350
1293 440 1368 511 199

169 608 342 692 Dgoossic,
353 618 550 696 procurator
563 610 684 676 domim
696 610 865 699 Stephani,
876 612 1041 699 prepositi
1054 611 1245 677 Monosterii
1258 613 1366 679 Nean-

169 716 347 801 carpensis,
355 718 495 802 tactaque
508 718 577 781 mihi
592 717 696 782 ddede
704 718 913 802 poblicacione
925 718 1084 803 sollempni
1092 720 1249 783 citacionis
1261 742 1368 805 supro-

168 823 248 886 dicte
271 825 440 905 postulavit
462 826 624 902 instantor,
649 834 680 889 rt
695 828 866 890 mandatum
882 825 972 889 michi
988 825 1151 890 iniunctum
1172 826 1367 909 adimplerem

167 931 246 992 iuxta
263 931 407 994 traditam
422 931 515 996 michi
531 934 666 997 sormam.
684 933 813 999 Nomine
828 953 900 997 vero
913 940 1115 1015 comparente,
1132 935 1183 1017 qui
1199 936 1227 997 in
1246 941 1368 999 contra-

168 1040 242 1102 riom
259 1038 374 1123 aliquid
391 1038 549 1118 allegaret,
567 1061 603 1105 ex
615 1041 797 1106 habundanti
814 1041 884 1105 duxi
897 1041 1035 1125 usquein
1048 1041 1127 1105 diem
1140 1049 1316 1127 sequentem
1331 1044 1368 1106 ad

168 1146 271 1208 boram
283 1147 411 1209 terciam
424 1148 652 1230 expectandum.
670 1148 796 1230 Quibus,
809 1151 860 1214 die
872 1154 903 1212 et
914 1149 999 1219 hora,
1011 1149 1212 1221 uenientibus,
1226 1150 1368 1233 nulloque

166 1256 345 1338 oppositore
361 1260 412 1318 aut
428 1256 651 1320 contradictore
667 1261 871 1340 comparente,
888 1257 1072 1347 presidendo
1094 1259 1123 1320 in
1142 1256 1279 1319 Ecclesia
1296 1278 1368 1340 pre-

167 1361 228 1424 lata
255 1362 426 1426 mandatum
453 1364 636 1435 antedictum
666 1363 824 1447 adimpleri
848 1364 960 1430 curari.
996 1364 1105 1428 Verum
1134 1383 1201 1427 cum
1228 1364 1368 1446 diligenti

170 1470 305 1532 examine
330 1476 362 1533 ct
384 1474 499 1533 matura
524 1470 750 1536 deliberacione
773 1473 983 1536 discuciuntur
1004 1470 1216 1544 diffiniciones,
1245 1473 1368 1536 ordino-

169 1577 274 1640 oiones
295 1597 352 1640 seu
369 1584 495 1648 statuta,
512 1598 636 1663 quarum
659 1586 690 1644 st
706 1601 831 1665 quorum
853 1580 943 1644 michi
960 1583 1118 1643 revocacio
1134 1584 1182 1643 est
1198 1584 1367 1653 commissa,

170 1684 241 1749 licet
264 1705 325 1769 quo
348 1686 505 1768 adipsum
529 1686 685 1752 Dominum
707 1688 891 1772 Episcopum
914 1694 1018 1752 sancto
1046 1687 1167 1772 quidem
1184 1687 1250 1751 zelo
1267 1696 1297 1752 et
1312 1711 1367 1773 pro

171 1791 247 1856 bono
263 1794 361 1877 pacis,
378 1815 436 1880 quc
452 1794 504 1858 illo
521 1800 656 1879 tempore
675 1816 732 1859 non
752 1796 931 1860 credebatur
949 1816 1041 1879 posse
1060 1795 1245 1860 commodius
1269 1798 1368 1861 reior-

166 1900 254 1973 mari,
272 1904 396 1984 argenti
412 1903 620 1968 nichilominus
637 1905 861 1987 importunitate
877 1924 936 1966 non
954 1904 1070 1967 modica
1086 1903 1260 1976 emanarint,
1277 1903 1364 1990 plura

171 2016 266 2074 nmen
281 2011 475 2075 inveniuntur
487 2013 516 2074 in
530 2013 584 2085 sis,
603 2033 662 2097 quc
672 2010 722 2075 nel
734 2013 791 2075 iuri
805 2010 954 2075 communi
967 2012 1166 2094 refragantur,
1184 2011 1231 2075 rel
1250 2012 1367 2092 Regulo

169 2118 262 2180 sancti
293 2118 471 2199 Augustini,
511 2140 598 2205 mam
630 2119 807 2203 profitentur
840 2118 982 2182 Canonici
1014 2118 1150 2181 eiusdem
1181 2119 1369 2192 llouasterii,

169 2245 314 2310 expresse
337 2231 519 2309 repugnant,
543 2228 592 2291 vel
615 2227 745 2290 debitam
762 2234 794 2291 et
811 2230 984 2291 consuetam
1005 2227 1177 2307 corrigendi
1195 2225 1366 2290 facultatem

166 2333 320 2417 superiori
344 2332 478 2398 adimunt
501 2340 533 2399 et
555 2339 708 2408 coartant,
725 2334 769 2397 Ex
791 2335 899 2420 quibus
926 2332 1107 2397 obediencie
1130 2354 1238 2398 nervus
1255 2334 1367 2398 dissol-

167 2444 251 2513 ritur,
269 2441 508 2524 gubernaculum
535 2443 696 2528 discipline
724 2442 944 2525 contempnitur
972 2451 1004 2505 et
1029 2442 1138 2524 religio
1161 2444 1366 2525 naufragatur,

165 2569 199 2612 ac
214 2550 291 2613 alias
313 2555 410 2613 status
427 2548 601 2614 hionasterii
618 2551 827 2633 multipliciter
844 2550 1037 2614 deformatur.
1068 2549 1134 2632 Quo
1154 2549 1251 2614 omnia
1269 2550 1365 2635 ipsius

167 2656 354 2729 difficientis,
377 2658 542 2724 ordinantis
565 2681 620 2724 seu
644 2660 802 2738 statuentis
827 2657 992 2722 intensioni
1015 2664 1046 2722 et
1065 2660 1220 2742 proposito
1243 2663 1367 2724 nonest

168 2765 287 2830 dubium
312 2767 464 2831 contraria
489 2769 640 2840 extitisse,
669 2767 800 2852 ldeoque
826 2768 911 2830 venia
939 2767 1033 2849 petita
1058 2766 1172 2849 aliquas
1197 2766 1235 2830 de
1261 2765 1365 2829 huius-

167 2875 243 2938 modi
261 2874 497 2939 diffinicionibus
522 2879 551 2939 in
575 2881 681 2949 totum,
706 2875 822 2957 aliquas
844 2874 874 2937 in
894 2878 992 2957 parte,
1016 2875 1203 2946 auctoritate,
1227 2879 1259 2938 rt
1275 2895 1366 2958 supra

167 2982 364 3065 premittitur,
386 2981 477 3045 michi
494 2984 670 3055 commissa,
702 3001 848 3046 revocare
870 2980 1010 3054 decrevi,
1034 2989 1124 3065 prout
1147 2981 1365 3065 subsequencia

167 3089 424 3154 demonstrabunt.
450 3088 545 3155 Porro
573 3091 668 3174 prima
697 3089 842 3184 dillinicio
870 3089 915 3152 sio
943 3089 1031 3154 dicit:
1061 3089 1237 3173 Prepositns
1267 3091 1365 3154 omnia

167 3198 276 3261 maiora
300 3218 338 3262 ac
361 3198 457 3279 magis
479 3200 572 3262 ardua
588 3199 715 3280 negocia
730 3197 917 3269 hlonasterii,
934 3196 1077 3262 uidelicet
1098 3195 1242 3260 bonorum
1260 3198 1367 3261 immo·

167 3304 264 3370 bilinrn
281 3306 485 3369 alieneciones
500 3311 674 3390 perpetuas,
698 3311 747 3369 ant
770 3306 806 3370 ad
829 3308 905 3368 ritas
929 3304 1112 3369 donaciones
1129 3303 1363 3388 prebendarum,

167 3414 362 3497 recepciones
378 3414 513 3486 fratrum,
531 3419 561 3477 et
575 3415 694 3483 similia,
711 3433 770 3497 que
785 3415 851 3477 sine
867 3413 994 3477 consilio
1008 3418 1058 3476 aut
1070 3432 1220 3477 consenso
1234 3411 1364 3497 Capituli

168 3522 303 3586 horinon
320 3529 556 3595 consueverunt,
581 3529 632 3587 aut
646 3526 783 3606 possunt,
806 3539 992 3606 nequaquam
1017 3521 1083 3583 sinc
1100 3521 1221 3603 capitoli
1240 3521 1296 3591 sui,
1314 3528 1364 3585 aut

167 3630 270 3693 saltem
288 3650 353 3701 sex,
372 3629 420 3692 vel
437 3629 475 3692 ad
491 3633 587 3694 minus
601 3631 734 3712 Quatnor
750 3629 905 3694 meliorum
922 3635 953 3691 et
970 3628 1122 3692 saniorum
1141 3629 1266 3692 consilio
1280 3629 1364 3693 ordi·

169 3746 217 3801 oet
232 3744 264 3801 et
280 3738 429 3821 disponat.
454 3738 554 3823 Super
577 3739 647 3811 hiis,
665 3760 723 3823 qne
745 3741 775 3801 in
792 3738 849 3802 bac
866 3736 1054 3801 diffinicione
1077 3736 1278 3808 continentur,
1294 3736 1364 3819 ple-

167 3847 230 3910 nius
240 3850 271 3909 ot
281 3846 357 3907 satis
370 3843 492 3909 vberius
505 3847 658 3928 prouisum
672 3851 719 3909 est
731 3869 747 3908 a
761 3847 828 3911 inre
841 3847 987 3910 communi
1015 3882 1054 3894 -
1073 3881 1116 3892 -
1133 3846 1222 3908 immo
1240 3843 1363 3908 deside-

169 3960 245 4019 ratur
261 3974 322 4017 non
337 3957 451 4018 tantum
469 3954 638 4026 consilinm,
656 3954 710 4018 sed
728 3956 823 4018 eciam
841 3975 1009 4019 consensus
1033 3952 1150 4025 tocius,
1173 3952 1221 4017 rel
1243 3953 1363 4015 maioris

169 4063 257 4145 partis
279 4060 420 4146 Capituli.
438 4099 482 4108 -
499 4061 581 4126 llanc
606 4064 699 4144 igitur
721 4063 937 4128 diffinicionem
963 4070 1110 4145 tamquam
1134 4060 1192 4124 iuri
1217 4060 1364 4124 communi

169 4170 370 4254 derogantem,
384 4169 517 4233 inutilem
535 4175 566 4234 et
581 4171 703 4235 racione
719 4177 873 4236 carentem
892 4189 1001 4234 revoco
1019 4177 1108 4252 atque
1122 4168 1206 4232 tollo.
1223 4167 1362 4232 Secunda

169 4298 233 4342 roro
249 4278 397 4342 diffinicio
414 4279 502 4341 dicit:
529 4276 680 4350 Volumus,
697 4285 728 4343 vt
743 4280 908 4345 Joloaones
923 4281 965 4344 de
979 4279 1158 4360 Sierndors,
1176 4279 1272 4340 irater
1287 4297 1363 4360 pre·

170 4387 264 4467 positi,
281 4389 363 4450 circa
380 4406 483 4450 omnes
500 4386 636 4451 cilicinas
655 4395 685 4451 et
696 4386 871 4451 Monasterii
888 4387 1016 4468 negocia
1033 4385 1070 4448 ab
1087 4385 1167 4448 intus
1183 4391 1213 4448 et
1230 4382 1266 4448 ab
1281 4390 1361 4448 extra

172 4493 255 4558 nichil
271 4497 462 4577 permittatur
478 4494 589 4559 habere
606 4494 645 4558 de
662 4500 766 4559 cetero
783 4495 954 4578 potestatis.
972 4532 1016 4542 -
1032 4494 1097 4557 Nec
1114 4494 1192 4557 idem
1205 4493 1362 4557 lohannes

172 4605 199 4662 ct
214 4624 283 4667 uror
298 4624 352 4667 sua
370 4623 437 4668 cum
460 4604 526 4688 ipso
548 4603 704 4687 preposito
730 4603 786 4667 sub
803 4603 945 4686 expensis
962 4603 1025 4666 suis
1042 4608 1195 4665 morentur
1212 4602 1362 4672 continue,
