<?xml version="1.0" encoding="UTF-8"?>
<!DOCTYPE html PUBLIC "-//W3C//DTD XHTML 1.0 Transitional//EN"
    "http://www.w3.org/TR/xhtml1/DTD/xhtml1-transitional.dtd">
<html xmlns="http://www.w3.org/1999/xhtml" xml:lang="en" lang="en">
 <head>
  <title>
</title>
<meta http-equiv="Content-Type" content="text/html;charset=utf-8" />
  <meta name='ocr-system' content='tesseract 3.04.00' />
  <meta name='ocr-capabilities' content='ocr_page ocr_carea ocr_par ocr_line ocrx_word'/>
</head>
<body>
  <div class='ocr_page' id='page_1' title='image "./fontesrerumaust10unkngoog_0109.png"; bbox 0 0 3242 5350; ppageno 0'>
   <div class='ocr_carea' id='block_1_1' title="bbox 258 491 309 563">
    <p class='ocr_par' dir='ltr' id='par_1_1' title="bbox 258 491 309 563">
     <span class='ocr_line' id='line_1_1' title="bbox 258 491 309 563; baseline -0.039 0"><span class='ocrx_word' id='word_1_1' title='bbox 258 491 309 563; x_wconf 76' lang='lat'>32</span> 
     </span>
    </p>
   </div>
   <div class='ocr_carea' id='block_1_2' title="bbox 244 662 1453 2693">
    <p class='ocr_par' dir='ltr' id='par_1_2' title="bbox 244 662 1453 2693">
     <span class='ocr_line' id='line_1_2' title="bbox 244 662 1450 753; baseline -0.003 -22"><span class='ocrx_word' id='word_1_2' title='bbox 244 677 372 753; x_wconf 87' lang='lat' dir='ltr'>patrem</span> <span class='ocrx_word' id='word_1_3' title='bbox 387 684 488 729; x_wconf 88' lang='lat' dir='ltr'>meum</span> <span class='ocrx_word' id='word_1_4' title='bbox 509 664 835 729; x_wconf 79' lang='lat' dir='ltr'>dominam&#39;Ottonem</span> <span class='ocrx_word' id='word_1_5' title='bbox 855 666 896 730; x_wconf 85' lang='lat' dir='ltr'>de</span> <span class='ocrx_word' id='word_1_6' title='bbox 913 667 986 749; x_wconf 81' lang='lat' dir='ltr'>fore</span> <span class='ocrx_word' id='word_1_7' title='bbox 1007 662 1108 727; x_wconf 81' lang='lat' dir='ltr'>felicis</span> <span class='ocrx_word' id='word_1_8' title='bbox 1130 665 1274 727; x_wconf 89' lang='lat' dir='ltr'>memorie</span> <span class='ocrx_word' id='word_1_9' title='bbox 1295 671 1327 727; x_wconf 92' lang='lat' dir='ltr'>et</span> <span class='ocrx_word' id='word_1_10' title='bbox 1341 683 1391 727; x_wconf 89' lang='lat' dir='ltr'>me</span> <span class='ocrx_word' id='word_1_11' title='bbox 1413 683 1450 727; x_wconf 90' lang='lat' dir='ltr'>ac</span> 
     </span>
     <span class='ocr_line' id='line_1_3' title="bbox 247 771 1450 860; baseline 0.002 -27"><span class='ocrx_word' id='word_1_12' title='bbox 247 791 332 837; x_wconf 88' lang='lat' dir='ltr'>meos</span> <span class='ocrx_word' id='word_1_13' title='bbox 348 772 516 836; x_wconf 80' lang='lat' dir='ltr'>coheredes</span> <span class='ocrx_word' id='word_1_14' title='bbox 534 792 569 836; x_wconf 83' lang='lat' dir='ltr'>ex</span> <span class='ocrx_word' id='word_1_15' title='bbox 585 773 678 836; x_wconf 88' lang='lat' dir='ltr'>altera</span> <span class='ocrx_word' id='word_1_16' title='bbox 694 794 792 860; x_wconf 88' lang='lat' dir='ltr'>super</span> <span class='ocrx_word' id='word_1_17' title='bbox 806 773 899 838; x_wconf 84' lang='lat' dir='ltr'>caria</span> <span class='ocrx_word' id='word_1_18' title='bbox 916 774 1075 860; x_wconf 82' lang='lat' dir='ltr'>quondam</span> <span class='ocrx_word' id='word_1_19' title='bbox 1096 772 1218 837; x_wconf 83' lang='lat' dir='ltr'>domini</span> <span class='ocrx_word' id='word_1_20' title='bbox 1232 771 1394 859; x_wconf 77' lang='lat' dir='ltr'>Reynpcri</span> <span class='ocrx_word' id='word_1_21' title='bbox 1408 771 1450 836; x_wconf 86' lang='lat' dir='ltr'>de</span> 
     </span>
     <span class='ocr_line' id='line_1_4' title="bbox 247 878 1447 966; baseline -0.004 -20"><span class='ocrx_word' id='word_1_22' title='bbox 247 881 480 964; x_wconf 78' lang='lat' dir='ltr'>hadmarsdors</span> <span class='ocrx_word' id='word_1_23' title='bbox 482 880 546 945; x_wconf 82' lang='lat' dir='ltr'>sita</span> <span class='ocrx_word' id='word_1_24' title='bbox 557 881 592 945; x_wconf 82' lang='lat' dir='ltr'>in</span> <span class='ocrx_word' id='word_1_25' title='bbox 601 889 674 946; x_wconf 83' lang='lat' dir='ltr'>arta</span> <span class='ocrx_word' id='word_1_26' title='bbox 685 890 788 947; x_wconf 84' lang='lat' dir='ltr'>strata</span> <span class='ocrx_word' id='word_1_27' title='bbox 801 883 918 966; x_wconf 81' lang='lat' dir='ltr'>questio</span> <span class='ocrx_word' id='word_1_28' title='bbox 935 880 1115 965; x_wconf 82' lang='lat' dir='ltr'><strong>aliquamdiu</strong></span> <span class='ocrx_word' id='word_1_29' title='bbox 1132 884 1314 952; x_wconf 80' lang='lat' dir='ltr'>verteretur,</span> <span class='ocrx_word' id='word_1_30' title='bbox 1326 878 1447 944; x_wconf 67' lang='lat' dir='ltr'>audem</span> 
     </span>
     <span class='ocr_line' id='line_1_5' title="bbox 249 987 1450 1073; baseline -0.001 -23"><span class='ocrx_word' id='word_1_31' title='bbox 249 989 330 1051; x_wconf 89' lang='lat' dir='ltr'>inter</span> <span class='ocrx_word' id='word_1_32' title='bbox 351 990 435 1072; x_wconf 88' lang='lat' dir='ltr'>ipsos</span> <span class='ocrx_word' id='word_1_33' title='bbox 457 995 487 1052; x_wconf 93' lang='lat' dir='ltr'>et</span> <span class='ocrx_word' id='word_1_34' title='bbox 508 1009 555 1050; x_wconf 87' lang='lat' dir='ltr'>me</span> <span class='ocrx_word' id='word_1_35' title='bbox 582 987 621 1050; x_wconf 92' lang='lat' dir='ltr'>de</span> <span class='ocrx_word' id='word_1_36' title='bbox 645 989 770 1054; x_wconf 90' lang='lat' dir='ltr'>consilio</span> <span class='ocrx_word' id='word_1_37' title='bbox 793 991 925 1054; x_wconf 84' lang='lat' dir='ltr'>virorum</span> <span class='ocrx_word' id='word_1_38' title='bbox 946 990 1144 1073; x_wconf 89' lang='lat' dir='ltr'>prudenciam</span> <span class='ocrx_word' id='word_1_39' title='bbox 1168 993 1307 1052; x_wconf 82' lang='lat' dir='ltr'>cessante</span> <span class='ocrx_word' id='word_1_40' title='bbox 1329 987 1450 1051; x_wconf 89' lang='lat' dir='ltr'>omnino</span> 
     </span>
     <span class='ocr_line' id='line_1_6' title="bbox 249 1094 1450 1182; baseline -0.002 -22"><span class='ocrx_word' id='word_1_41' title='bbox 249 1099 408 1182; x_wconf 85' lang='lat' dir='ltr'>questione</span> <span class='ocrx_word' id='word_1_42' title='bbox 424 1096 560 1180; x_wconf 87' lang='lat' dir='ltr'>predicta</span> <span class='ocrx_word' id='word_1_43' title='bbox 577 1096 638 1159; x_wconf 92' lang='lat' dir='ltr'>tale</span> <span class='ocrx_word' id='word_1_44' title='bbox 650 1094 779 1162; x_wconf 89' lang='lat' dir='ltr'>medium</span> <span class='ocrx_word' id='word_1_45' title='bbox 794 1099 1005 1162; x_wconf 72' lang='lat' dir='ltr'>ostimentum</span> <span class='ocrx_word' id='word_1_46' title='bbox 1023 1098 1061 1161; x_wconf 94' lang='lat' dir='ltr'>de</span> <span class='ocrx_word' id='word_1_47' title='bbox 1075 1097 1229 1181; x_wconf 87' lang='lat' dir='ltr'>utriusque</span> <span class='ocrx_word' id='word_1_48' title='bbox 1245 1096 1340 1180; x_wconf 83' lang='lat' dir='ltr'>partis</span> <span class='ocrx_word' id='word_1_49' title='bbox 1352 1115 1450 1180; x_wconf 90' lang='lat' dir='ltr'>spon·</span> 
     </span>
     <span class='ocr_line' id='line_1_7' title="bbox 248 1201 1450 1292; baseline 0 -24"><span class='ocrx_word' id='word_1_50' title='bbox 248 1211 336 1268; x_wconf 92' lang='lat' dir='ltr'>tanea</span> <span class='ocrx_word' id='word_1_51' title='bbox 352 1205 512 1277; x_wconf 81' lang='lat' dir='ltr'>voluntate,</span> <span class='ocrx_word' id='word_1_52' title='bbox 528 1206 614 1291; x_wconf 80' lang='lat' dir='ltr'>quod</span> <span class='ocrx_word' id='word_1_53' title='bbox 629 1226 685 1292; x_wconf 78' lang='lat' dir='ltr'>epo</span> <span class='ocrx_word' id='word_1_54' title='bbox 701 1205 819 1270; x_wconf 83' lang='lat' dir='ltr'>dictam</span> <span class='ocrx_word' id='word_1_55' title='bbox 835 1207 958 1272; x_wconf 84' lang='lat' dir='ltr'>carium</span> <span class='ocrx_word' id='word_1_56' title='bbox 975 1226 1045 1270; x_wconf 87' lang='lat' dir='ltr'>cum</span> <span class='ocrx_word' id='word_1_57' title='bbox 1061 1205 1148 1269; x_wconf 84' lang='lat' dir='ltr'>creis</span> <span class='ocrx_word' id='word_1_58' title='bbox 1163 1205 1208 1268; x_wconf 86' lang='lat' dir='ltr'>ad</span> <span class='ocrx_word' id='word_1_59' title='bbox 1225 1204 1330 1290; x_wconf 84' lang='lat' dir='ltr'>ipsam</span> <span class='ocrx_word' id='word_1_60' title='bbox 1343 1201 1450 1290; x_wconf 84' lang='lat' dir='ltr'>perti·</span> 
     </span>
     <span class='ocr_line' id='line_1_8' title="bbox 249 1312 1453 1399; baseline -0.001 -22"><span class='ocrx_word' id='word_1_61' title='bbox 249 1314 406 1385; x_wconf 72' lang='lat' dir='ltr'>uestibus,</span> <span class='ocrx_word' id='word_1_62' title='bbox 418 1334 479 1379; x_wconf 80' lang='lat' dir='ltr'>sea</span> <span class='ocrx_word' id='word_1_63' title='bbox 494 1315 612 1378; x_wconf 83' lang='lat' dir='ltr'>solidos</span> <span class='ocrx_word' id='word_1_64' title='bbox 622 1314 827 1379; x_wconf 83' lang='lat' dir='ltr'>denariorum</span> <span class='ocrx_word' id='word_1_65' title='bbox 838 1315 1063 1379; x_wconf 83' lang='lat' dir='ltr'>wiennensium</span> <span class='ocrx_word' id='word_1_66' title='bbox 1082 1314 1185 1377; x_wconf 74' lang='lat' dir='ltr'>minsas</span> <span class='ocrx_word' id='word_1_67' title='bbox 1196 1312 1333 1399; x_wconf 82' lang='lat' dir='ltr'>quinque</span> <span class='ocrx_word' id='word_1_68' title='bbox 1348 1312 1453 1376; x_wconf 79' lang='lat' dir='ltr'>derau-</span> 
     </span>
     <span class='ocr_line' id='line_1_9' title="bbox 249 1419 1450 1508; baseline -0.001 -23"><span class='ocrx_word' id='word_1_69' title='bbox 249 1423 308 1486; x_wconf 85' lang='lat' dir='ltr'>riis</span> <span class='ocrx_word' id='word_1_70' title='bbox 329 1422 423 1486; x_wconf 86' lang='lat' dir='ltr'>annis</span> <span class='ocrx_word' id='word_1_71' title='bbox 447 1419 627 1507; x_wconf 74' lang='lat' dir='ltr'>(sinpulie)</span> <span class='ocrx_word' id='word_1_72' title='bbox 644 1423 849 1493; x_wconf 77' lang='lat' dir='ltr'>servientem,</span> <span class='ocrx_word' id='word_1_73' title='bbox 872 1423 1017 1486; x_wconf 84' lang='lat' dir='ltr'>Ecclesie</span> <span class='ocrx_word' id='word_1_74' title='bbox 1032 1420 1283 1508; x_wconf 73' lang='lat' dir='ltr'>Nemnbarpensi</span> <span class='ocrx_word' id='word_1_75' title='bbox 1303 1420 1450 1484; x_wconf 85' lang='lat' dir='ltr'>absolate</span> 
     </span>
     <span class='ocr_line' id='line_1_10' title="bbox 249 1527 1450 1618; baseline -0.003 -24"><span class='ocrx_word' id='word_1_76' title='bbox 249 1530 373 1596; x_wconf 83' lang='lat' dir='ltr'>tradidi</span> <span class='ocrx_word' id='word_1_77' title='bbox 387 1537 418 1594; x_wconf 89' lang='lat' dir='ltr'>et</span> <span class='ocrx_word' id='word_1_78' title='bbox 433 1529 542 1593; x_wconf 69' lang='lat' dir='ltr'>dimisi</span> <span class='ocrx_word' id='word_1_79' title='bbox 553 1536 710 1616; x_wconf 84' lang='lat' dir='ltr'>perpetuo</span> <span class='ocrx_word' id='word_1_80' title='bbox 724 1530 959 1614; x_wconf 67' lang='lat' dir='ltr'>possidendam.</span> <span class='ocrx_word' id='word_1_81' title='bbox 972 1531 1099 1618; x_wconf 78' lang='lat' dir='ltr'>ipsique</span> <span class='ocrx_word' id='word_1_82' title='bbox 1109 1528 1296 1616; x_wconf 81' lang='lat' dir='ltr'>prepositus</span> <span class='ocrx_word' id='word_1_83' title='bbox 1308 1536 1339 1591; x_wconf 86' lang='lat' dir='ltr'>et</span> <span class='ocrx_word' id='word_1_84' title='bbox 1354 1527 1450 1614; x_wconf 86' lang='lat' dir='ltr'>capi·</span> 
     </span>
     <span class='ocr_line' id='line_1_11' title="bbox 250 1637 1449 1725; baseline -0.003 -23"><span class='ocrx_word' id='word_1_85' title='bbox 250 1640 348 1702; x_wconf 85' lang='lat' dir='ltr'>talum</span> <span class='ocrx_word' id='word_1_86' title='bbox 364 1637 462 1703; x_wconf 83' lang='lat' dir='ltr'>micbi</span> <span class='ocrx_word' id='word_1_87' title='bbox 476 1659 569 1701; x_wconf 75' lang='lat' dir='ltr'>ossum</span> <span class='ocrx_word' id='word_1_88' title='bbox 585 1637 698 1702; x_wconf 84' lang='lat' dir='ltr'>libram</span> <span class='ocrx_word' id='word_1_89' title='bbox 716 1638 920 1702; x_wconf 70' lang='lat' dir='ltr'>bercariarum</span> <span class='ocrx_word' id='word_1_90' title='bbox 935 1639 977 1702; x_wconf 84' lang='lat' dir='ltr'>de</span> <span class='ocrx_word' id='word_1_91' title='bbox 994 1639 1128 1725; x_wconf 82' lang='lat' dir='ltr'>quodam</span> <span class='ocrx_word' id='word_1_92' title='bbox 1139 1645 1239 1725; x_wconf 82' lang='lat' dir='ltr'>prato</span> <span class='ocrx_word' id='word_1_93' title='bbox 1256 1637 1344 1721; x_wconf 77' lang='lat' dir='ltr'>infra</span> <span class='ocrx_word' id='word_1_94' title='bbox 1362 1637 1449 1719; x_wconf 75' lang='lat' dir='ltr'>Rye·</span> 
     </span>
     <span class='ocr_line' id='line_1_12' title="bbox 249 1744 1452 1832; baseline -0.003 -22"><span class='ocrx_word' id='word_1_95' title='bbox 249 1746 406 1829; x_wconf 74' lang='lat' dir='ltr'>caesadmf</span> <span class='ocrx_word' id='word_1_96' title='bbox 415 1754 445 1810; x_wconf 89' lang='lat' dir='ltr'>et</span> <span class='ocrx_word' id='word_1_97' title='bbox 461 1745 611 1830; x_wconf 76' lang='lat' dir='ltr'>aycboure</span> <span class='ocrx_word' id='word_1_98' title='bbox 626 1746 698 1815; x_wconf 84' lang='lat' dir='ltr'>sito,</span> <span class='ocrx_word' id='word_1_99' title='bbox 712 1745 914 1832; x_wconf 79' lang='lat' dir='ltr'>hospitaliis</span> <span class='ocrx_word' id='word_1_100' title='bbox 930 1747 1129 1812; x_wconf 82' lang='lat' dir='ltr'>Newnburcb</span> <span class='ocrx_word' id='word_1_101' title='bbox 1145 1746 1310 1810; x_wconf 76' lang='lat' dir='ltr'>unmsatim</span> <span class='ocrx_word' id='word_1_102' title='bbox 1326 1744 1452 1808; x_wconf 82' lang='lat' dir='ltr'>servire</span> 
     </span>
     <span class='ocr_line' id='line_1_13' title="bbox 249 1850 1453 1940; baseline -0.004 -22"><span class='ocrx_word' id='word_1_103' title='bbox 249 1855 376 1918; x_wconf 77' lang='lat' dir='ltr'>debenti</span> <span class='ocrx_word' id='word_1_104' title='bbox 397 1862 516 1940; x_wconf 80' lang='lat' dir='ltr'>septem</span> <span class='ocrx_word' id='word_1_105' title='bbox 538 1854 669 1924; x_wconf 84' lang='lat' dir='ltr'>solidos,</span> <span class='ocrx_word' id='word_1_106' title='bbox 680 1860 841 1940; x_wconf 83' lang='lat' dir='ltr'>perpetuo</span> <span class='ocrx_word' id='word_1_107' title='bbox 862 1855 1057 1918; x_wconf 80' lang='lat' dir='ltr'>rebraarunt</span> <span class='ocrx_word' id='word_1_108' title='bbox 1077 1854 1112 1917; x_wconf 88' lang='lat' dir='ltr'>in</span> <span class='ocrx_word' id='word_1_109' title='bbox 1128 1854 1342 1918; x_wconf 86' lang='lat' dir='ltr'>concambium</span> <span class='ocrx_word' id='word_1_110' title='bbox 1360 1850 1453 1915; x_wconf 83' lang='lat' dir='ltr'>curie</span> 
     </span>
     <span class='ocr_line' id='line_1_14' title="bbox 248 1957 1450 2048; baseline -0.002 -22"><span class='ocrx_word' id='word_1_111' title='bbox 248 1970 428 2037; x_wconf 88' lang='lat' dir='ltr'>memorate,</span> <span class='ocrx_word' id='word_1_112' title='bbox 444 1963 491 2025; x_wconf 84' lang='lat' dir='ltr'>ita</span> <span class='ocrx_word' id='word_1_113' title='bbox 506 1961 591 2048; x_wconf 74' lang='lat' dir='ltr'>quad</span> <span class='ocrx_word' id='word_1_114' title='bbox 613 1962 795 2024; x_wconf 78' lang='lat' dir='ltr'>tantumodo</span> <span class='ocrx_word' id='word_1_115' title='bbox 813 1961 947 2047; x_wconf 80' lang='lat' dir='ltr'>tripinta</span> <span class='ocrx_word' id='word_1_116' title='bbox 962 1961 1113 2026; x_wconf 84' lang='lat' dir='ltr'>denarios</span> <span class='ocrx_word' id='word_1_117' title='bbox 1131 1962 1166 2024; x_wconf 82' lang='lat' dir='ltr'>in</span> <span class='ocrx_word' id='word_1_118' title='bbox 1178 1963 1259 2044; x_wconf 84' lang='lat' dir='ltr'>sesto</span> <span class='ocrx_word' id='word_1_119' title='bbox 1281 1982 1306 2025; x_wconf 90' lang='lat' dir='ltr'>s.</span> <span class='ocrx_word' id='word_1_120' title='bbox 1323 1957 1450 2025; x_wconf 86' lang='lat' dir='ltr'>Micba-</span> 
     </span>
     <span class='ocr_line' id='line_1_15' title="bbox 250 2067 1452 2155; baseline -0.005 -22"><span class='ocrx_word' id='word_1_121' title='bbox 250 2071 332 2134; x_wconf 85' lang='lat' dir='ltr'>belis</span> <span class='ocrx_word' id='word_1_122' title='bbox 347 2071 468 2134; x_wconf 84' lang='lat' dir='ltr'>servire</span> <span class='ocrx_word' id='word_1_123' title='bbox 491 2070 587 2133; x_wconf 80' lang='lat' dir='ltr'>debeo</span> <span class='ocrx_word' id='word_1_124' title='bbox 603 2068 698 2132; x_wconf 85' lang='lat' dir='ltr'>uanis</span> <span class='ocrx_word' id='word_1_125' title='bbox 713 2068 849 2155; x_wconf 77' lang='lat' dir='ltr'>sinpnlis</span> <span class='ocrx_word' id='word_1_126' title='bbox 864 2070 904 2132; x_wconf 80' lang='lat' dir='ltr'>uc</span> <span class='ocrx_word' id='word_1_127' title='bbox 920 2069 1044 2140; x_wconf 69' lang='lat' dir='ltr'>eodan,</span> <span class='ocrx_word' id='word_1_128' title='bbox 1067 2075 1097 2131; x_wconf 91' lang='lat' dir='ltr'>et</span> <span class='ocrx_word' id='word_1_129' title='bbox 1114 2068 1201 2131; x_wconf 88' lang='lat' dir='ltr'>huius</span> <span class='ocrx_word' id='word_1_130' title='bbox 1219 2067 1384 2130; x_wconf 78' lang='lat' dir='ltr'>concambii</span> <span class='ocrx_word' id='word_1_131' title='bbox 1402 2085 1452 2128; x_wconf 89' lang='lat' dir='ltr'>me</span> 
     </span>
     <span class='ocr_line' id='line_1_16' title="bbox 252 2173 1452 2259; baseline -0.004 -19"><span class='ocrx_word' id='word_1_132' title='bbox 252 2177 402 2240; x_wconf 89' lang='lat' dir='ltr'>constituo</span> <span class='ocrx_word' id='word_1_133' title='bbox 424 2175 591 2257; x_wconf 84' lang='lat' dir='ltr'>legitimum</span> <span class='ocrx_word' id='word_1_134' title='bbox 615 2175 824 2246; x_wconf 80' lang='lat' dir='ltr'>defensorem,</span> <span class='ocrx_word' id='word_1_135' title='bbox 852 2176 927 2239; x_wconf 88' lang='lat' dir='ltr'>dans</span> <span class='ocrx_word' id='word_1_136' title='bbox 944 2175 1154 2240; x_wconf 81' lang='lat' dir='ltr'>nichilominus</span> <span class='ocrx_word' id='word_1_137' title='bbox 1170 2179 1329 2259; x_wconf 85' lang='lat' dir='ltr'>presentes</span> <span class='ocrx_word' id='word_1_138' title='bbox 1347 2173 1452 2236; x_wconf 81' lang='lat' dir='ltr'>literas</span> 
     </span>
     <span class='ocr_line' id='line_1_17' title="bbox 249 2280 1450 2366; baseline -0.002 -20"><span class='ocrx_word' id='word_1_139' title='bbox 249 2284 280 2347; x_wconf 92' lang='lat' dir='ltr'>in</span> <span class='ocrx_word' id='word_1_140' title='bbox 296 2284 497 2347; x_wconf 89' lang='lat' dir='ltr'>testimonium</span> <span class='ocrx_word' id='word_1_141' title='bbox 513 2284 729 2366; x_wconf 84' lang='lat' dir='ltr'>premissorum</span> <span class='ocrx_word' id='word_1_142' title='bbox 745 2283 803 2345; x_wconf 90' lang='lat' dir='ltr'>mei</span> <span class='ocrx_word' id='word_1_143' title='bbox 819 2283 911 2365; x_wconf 83' lang='lat' dir='ltr'>sigilli</span> <span class='ocrx_word' id='word_1_144' title='bbox 928 2284 1089 2346; x_wconf 88' lang='lat' dir='ltr'>munimine</span> <span class='ocrx_word' id='word_1_145' title='bbox 1105 2280 1310 2346; x_wconf 89' lang='lat' dir='ltr'>communitas.</span> <span class='ocrx_word' id='word_1_146' title='bbox 1324 2281 1450 2352; x_wconf 82' lang='lat' dir='ltr'>Testes,</span> 
     </span>
     <span class='ocr_line' id='line_1_18' title="bbox 252 2389 1452 2475; baseline 0 -21"><span class='ocrx_word' id='word_1_147' title='bbox 252 2392 290 2454; x_wconf 87' lang='lat' dir='ltr'>de</span> <span class='ocrx_word' id='word_1_148' title='bbox 321 2411 446 2475; x_wconf 88' lang='lat' dir='ltr'>quorum</span> <span class='ocrx_word' id='word_1_149' title='bbox 463 2392 588 2454; x_wconf 89' lang='lat' dir='ltr'>consilio</span> <span class='ocrx_word' id='word_1_150' title='bbox 607 2391 664 2453; x_wconf 90' lang='lat' dir='ltr'>hee</span> <span class='ocrx_word' id='word_1_151' title='bbox 688 2391 767 2454; x_wconf 85' lang='lat' dir='ltr'>facta</span> <span class='ocrx_word' id='word_1_152' title='bbox 784 2397 864 2461; x_wconf 84' lang='lat' dir='ltr'>suut,</span> <span class='ocrx_word' id='word_1_153' title='bbox 884 2391 1009 2454; x_wconf 82' lang='lat' dir='ltr'>interius</span> <span class='ocrx_word' id='word_1_154' title='bbox 1025 2390 1205 2453; x_wconf 82' lang='lat' dir='ltr'>adnotantur</span> <span class='ocrx_word' id='word_1_155' title='bbox 1227 2392 1269 2456; x_wconf 88' lang='lat' dir='ltr'>D.</span> <span class='ocrx_word' id='word_1_156' title='bbox 1291 2389 1452 2454; x_wconf 81' lang='lat' dir='ltr'>Dittricas</span> 
     </span>
     <span class='ocr_line' id='line_1_19' title="bbox 250 2498 1451 2586; baseline -0.002 -21"><span class='ocrx_word' id='word_1_157' title='bbox 250 2501 292 2565; x_wconf 83' lang='lat' dir='ltr'>de</span> <span class='ocrx_word' id='word_1_158' title='bbox 308 2500 508 2586; x_wconf 77' lang='lat' dir='ltr'>Cbalnperpe</span> <span class='ocrx_word' id='word_1_159' title='bbox 523 2507 554 2564; x_wconf 86' lang='lat' dir='ltr'>et</span> <span class='ocrx_word' id='word_1_160' title='bbox 571 2498 759 2563; x_wconf 69' lang='lat' dir='ltr'>chunradus</span> <span class='ocrx_word' id='word_1_161' title='bbox 770 2501 879 2582; x_wconf 80' lang='lat' dir='ltr'>frater</span> <span class='ocrx_word' id='word_1_162' title='bbox 894 2499 1007 2585; x_wconf 75' lang='lat' dir='ltr'>ipsium,</span> <span class='ocrx_word' id='word_1_163' title='bbox 1022 2500 1144 2564; x_wconf 76' lang='lat' dir='ltr'>Viribus</span> <span class='ocrx_word' id='word_1_164' title='bbox 1159 2500 1200 2564; x_wconf 83' lang='lat' dir='ltr'>de</span> <span class='ocrx_word' id='word_1_165' title='bbox 1212 2500 1451 2581; x_wconf 71' lang='lat' dir='ltr'>Chriezendors,</span> 
     </span>
     <span class='ocr_line' id='line_1_20' title="bbox 246 2605 1450 2693; baseline -0.002 -21"><span class='ocrx_word' id='word_1_166' title='bbox 246 2607 421 2691; x_wconf 76' lang='lat' dir='ltr'>fridericum</span> <span class='ocrx_word' id='word_1_167' title='bbox 443 2606 839 2682; x_wconf 56' lang='lat' dir='ltr'>succubuissemus</span> <span class='ocrx_word' id='word_1_168' title='bbox 862 2606 1021 2693; x_wconf 75' lang='lat' dir='ltr'>officialis,</span> <span class='ocrx_word' id='word_1_169' title='bbox 1053 2607 1175 2672; x_wconf 82' lang='lat' dir='ltr'>Vtricus</span> <span class='ocrx_word' id='word_1_170' title='bbox 1199 2605 1450 2682; x_wconf 81' lang='lat' dir='ltr'>amwicnmrcbt,</span> 
     </span>
    </p>
   </div>
   <div class='ocr_carea' id='block_1_3' title="bbox 250 2715 1451 2995">
    <p class='ocr_par' dir='ltr' id='par_1_3' title="bbox 250 2715 1451 2995">
     <span class='ocr_line' id='line_1_21' title="bbox 255 2715 1450 2803; baseline -0.003 -22"><span class='ocrx_word' id='word_1_171' title='bbox 255 2717 374 2781; x_wconf 74' lang='lat' dir='ltr'>Viribus</span> <span class='ocrx_word' id='word_1_172' title='bbox 389 2717 477 2801; x_wconf 79' lang='lat' dir='ltr'>filius</span> <span class='ocrx_word' id='word_1_173' title='bbox 501 2715 676 2787; x_wconf 74' lang='lat' dir='ltr'>Obsessis,</span> <span class='ocrx_word' id='word_1_174' title='bbox 700 2717 847 2803; x_wconf 77' lang='lat' dir='ltr'>Ruperus</span> <span class='ocrx_word' id='word_1_175' title='bbox 868 2718 938 2790; x_wconf 87' lang='lat' dir='ltr'>list,</span> <span class='ocrx_word' id='word_1_176' title='bbox 960 2716 1103 2801; x_wconf 75' lang='lat' dir='ltr'>Sisridus</span> <span class='ocrx_word' id='word_1_177' title='bbox 1122 2718 1162 2780; x_wconf 79' lang='lat' dir='ltr'>uc</span> <span class='ocrx_word' id='word_1_178' title='bbox 1174 2716 1359 2788; x_wconf 71' lang='lat' dir='ltr'>immersu,</span> <span class='ocrx_word' id='word_1_179' title='bbox 1376 2716 1450 2780; x_wconf 87' lang='lat' dir='ltr'>Otto</span> 
     </span>
     <span class='ocr_line' id='line_1_22' title="bbox 250 2821 1451 2908; baseline -0.002 -20"><span class='ocrx_word' id='word_1_180' title='bbox 250 2823 405 2890; x_wconf 86' lang='lat' dir='ltr'>ahreaeer</span> <span class='ocrx_word' id='word_1_181' title='bbox 426 2824 527 2887; x_wconf 89' lang='lat' dir='ltr'>etalii</span> <span class='ocrx_word' id='word_1_182' title='bbox 548 2821 667 2908; x_wconf 90' lang='lat' dir='ltr'>plurimi</span> <span class='ocrx_word' id='word_1_183' title='bbox 694 2822 754 2887; x_wconf 89' lang='lat' dir='ltr'>tide</span> <span class='ocrx_word' id='word_1_184' title='bbox 770 2823 866 2907; x_wconf 84' lang='lat' dir='ltr'>digni.</span> <span class='ocrx_word' id='word_1_185' title='bbox 889 2824 998 2889; x_wconf 89' lang='lat' dir='ltr'>Datum</span> <span class='ocrx_word' id='word_1_186' title='bbox 1013 2822 1208 2907; x_wconf 82' lang='lat' dir='ltr'>Newuburge</span> <span class='ocrx_word' id='word_1_187' title='bbox 1229 2824 1313 2886; x_wconf 77' lang='lat' dir='ltr'>Anno</span> <span class='ocrx_word' id='word_1_188' title='bbox 1336 2822 1451 2887; x_wconf 90' lang='lat' dir='ltr'>domini</span> 
     </span>
     <span class='ocr_line' id='line_1_23' title="bbox 253 2929 541 2995; baseline 0.003 -2"><span class='ocrx_word' id='word_1_189' title='bbox 253 2929 541 2995; x_wconf 60' lang='lat' dir='ltr'>mummulus</span> 
     </span>
    </p>
   </div>
   <div class='ocr_carea' id='block_1_4' title="bbox 864 3055 1393 3112">
    <p class='ocr_par' dir='ltr' id='par_1_4' title="bbox 864 3055 1393 3112">
     <span class='ocr_line' id='line_1_24' title="bbox 864 3055 1393 3112; baseline -0.004 -14"><span class='ocrx_word' id='word_1_190' title='bbox 864 3056 924 3108; x_wconf 72' lang='lat' dir='ltr'>orig.</span> <span class='ocrx_word' id='word_1_191' title='bbox 948 3058 1009 3108; x_wconf 61' lang='lat' dir='ltr'>Perg.</span> <span class='ocrx_word' id='word_1_192' title='bbox 1025 3056 1123 3112; x_wconf 80' lang='lat' dir='ltr'>(ttepert.</span> <span class='ocrx_word' id='word_1_193' title='bbox 1138 3057 1184 3097; x_wconf 73' lang='lat' dir='ltr'>vet.</span> <span class='ocrx_word' id='word_1_194' title='bbox 1199 3059 1236 3098; x_wconf 83' lang='lat' dir='ltr'>ltr.</span> <span class='ocrx_word' id='word_1_195' title='bbox 1248 3058 1268 3100; x_wconf 77' lang='lat'>².</span> <span class='ocrx_word' id='word_1_196' title='bbox 1283 3057 1320 3097; x_wconf 77' lang='lat' dir='ltr'>rou</span> <span class='ocrx_word' id='word_1_197' title='bbox 1330 3055 1393 3108; x_wconf 71' lang='lat'>28³.)</span> 
     </span>
    </p>
   </div>
   <div class='ocr_carea' id='block_1_5' title="bbox 251 3142 1489 3381">
    <p class='ocr_par' dir='ltr' id='par_1_5' title="bbox 251 3142 1489 3381">
     <span class='ocr_line' id='line_1_25' title="bbox 323 3142 1489 3216; baseline 0.001 -18"><span class='ocrx_word' id='word_1_198' title='bbox 323 3145 377 3199; x_wconf 85' lang='lat' dir='ltr'>Das</span> <span class='ocrx_word' id='word_1_199' title='bbox 389 3161 422 3197; x_wconf 92' lang='lat' dir='ltr'>an</span> <span class='ocrx_word' id='word_1_200' title='bbox 435 3144 520 3197; x_wconf 85' lang='lat' dir='ltr'>ciuem</span> <span class='ocrx_word' id='word_1_201' title='bbox 532 3142 802 3212; x_wconf 72' lang='lat' dir='ltr'>Pergamentstreifen</span> <span class='ocrx_word' id='word_1_202' title='bbox 814 3144 951 3214; x_wconf 70' lang='lat' dir='ltr'>bingeude</span> <span class='ocrx_word' id='word_1_203' title='bbox 960 3145 1074 3216; x_wconf 79' lang='lat' dir='ltr'>lnsiegel</span> <span class='ocrx_word' id='word_1_204' title='bbox 1086 3145 1184 3200; x_wconf 89' lang='lat' dir='ltr'>stimmt</span> <span class='ocrx_word' id='word_1_205' title='bbox 1195 3146 1242 3199; x_wconf 88' lang='lat' dir='ltr'>mit</span> <span class='ocrx_word' id='word_1_206' title='bbox 1254 3145 1314 3199; x_wconf 89' lang='lat' dir='ltr'>dem</span> <span class='ocrx_word' id='word_1_207' title='bbox 1326 3145 1368 3199; x_wconf 94' lang='lat' dir='ltr'>bei</span> <span class='ocrx_word' id='word_1_208' title='bbox 1377 3146 1453 3199; x_wconf 83' lang='lat' dir='ltr'>llan-</span> <span class='ocrx_word' id='word_1_209' title='bbox 1487 3203 1489 3206; x_wconf 68' lang='grc'><strong>,</strong></span> 
     </span>
     <span class='ocr_line' id='line_1_26' title="bbox 251 3222 1453 3307; baseline 0.001 -17"><span class='ocrx_word' id='word_1_210' title='bbox 251 3235 339 3290; x_wconf 89' lang='lat' dir='ltr'>tbaler</span> <span class='ocrx_word' id='word_1_211' title='bbox 357 3236 421 3290; x_wconf 78' lang='lat' dir='ltr'>Res.</span> <span class='ocrx_word' id='word_1_212' title='bbox 438 3234 504 3288; x_wconf 84' lang='lat' dir='ltr'>Teb.</span> <span class='ocrx_word' id='word_1_213' title='bbox 524 3232 623 3297; x_wconf 80' lang='lat' dir='ltr'>XXXfl,</span> <span class='ocrx_word' id='word_1_214' title='bbox 640 3249 666 3286; x_wconf 90' lang='lat' dir='ltr'>n.</span> <span class='ocrx_word' id='word_1_215' title='bbox 684 3234 720 3287; x_wconf 78' lang='grc'>27</span> <span class='ocrx_word' id='word_1_216' title='bbox 737 3235 855 3288; x_wconf 82' lang='lat' dir='ltr'>dherein.</span> <span class='ocrx_word' id='word_1_217' title='bbox 874 3222 946 3289; x_wconf 81' lang='lat' dir='ltr'>Uber</span> <span class='ocrx_word' id='word_1_218' title='bbox 964 3233 1071 3289; x_wconf 77' lang='lat' dir='ltr'>Gribo’e</span> <span class='ocrx_word' id='word_1_219' title='bbox 1088 3235 1278 3307; x_wconf 73' lang='lat' dir='ltr'>Abstammung</span> <span class='ocrx_word' id='word_1_220' title='bbox 1297 3236 1453 3307; x_wconf 82' lang='lat' dir='ltr'>vergleiche</span> 
     </span>
     <span class='ocr_line' id='line_1_27' title="bbox 254 3322 789 3381; baseline 0.006 -3"><span class='ocrx_word' id='word_1_221' title='bbox 254 3322 379 3379; x_wconf 82' lang='lat' dir='ltr'>Urhunde</span> <span class='ocrx_word' id='word_1_222' title='bbox 392 3324 458 3381; x_wconf 75' lang='lat' dir='ltr'>xlx.</span> <span class='ocrx_word' id='word_1_223' title='bbox 787 3342 789 3347; x_wconf 85' lang='lat'>·</span> 
     </span>
    </p>
   </div>
   <div class='ocr_carea' id='block_1_6' title="bbox 780 3440 919 3511">
    <p class='ocr_par' dir='ltr' id='par_1_6' title="bbox 780 3440 919 3511">
     <span class='ocr_line' id='line_1_28' title="bbox 780 3440 919 3511; baseline -0.007 0"><span class='ocrx_word' id='word_1_224' title='bbox 780 3440 919 3511; x_wconf 84' lang='lat' dir='ltr'>XXXIX.</span> 
     </span>
    </p>
   </div>
   <div class='ocr_carea' id='block_1_7' title="bbox 251 3573 1454 3736">
    <p class='ocr_par' dir='ltr' id='par_1_7' title="bbox 251 3573 1454 3736">
     <span class='ocr_line' id='line_1_29' title="bbox 251 3573 1454 3650; baseline 0 -20"><span class='ocrx_word' id='word_1_225' title='bbox 251 3574 344 3646; x_wconf 78' lang='lat' dir='ltr'>Apnes</span> <span class='ocrx_word' id='word_1_226' title='bbox 355 3593 412 3631; x_wconf 84' lang='lat' dir='ltr'>aon</span> <span class='ocrx_word' id='word_1_227' title='bbox 424 3574 599 3644; x_wconf 73' lang='lat' dir='ltr'>Fulhenberp</span> <span class='ocrx_word' id='word_1_228' title='bbox 610 3573 671 3628; x_wconf 83' lang='lat' dir='ltr'>und</span> <span class='ocrx_word' id='word_1_229' title='bbox 683 3573 747 3628; x_wconf 88' lang='lat' dir='ltr'>ibre</span> <span class='ocrx_word' id='word_1_230' title='bbox 760 3573 873 3631; x_wconf 82' lang='lat' dir='ltr'>Kinder</span> <span class='ocrx_word' id='word_1_231' title='bbox 884 3577 1044 3650; x_wconf 67' lang='lat' dir='ltr'>amhaafen</span> <span class='ocrx_word' id='word_1_232' title='bbox 1056 3575 1223 3648; x_wconf 73' lang='lat' dir='ltr'>dem&#39;Stifte</span> <span class='ocrx_word' id='word_1_233' title='bbox 1235 3574 1283 3629; x_wconf 84' lang='lat' dir='ltr'>die</span> <span class='ocrx_word' id='word_1_234' title='bbox 1291 3573 1454 3646; x_wconf 70' lang='lat' dir='ltr'>Seberftny·</span> 
     </span>
     <span class='ocr_line' id='line_1_30' title="bbox 619 3664 1078 3736; baseline -0.004 -18"><span class='ocrx_word' id='word_1_235' title='bbox 619 3664 764 3720; x_wconf 80' lang='lat' dir='ltr'>Badstube</span> <span class='ocrx_word' id='word_1_236' title='bbox 774 3683 813 3719; x_wconf 77' lang='lat' dir='ltr'>au</span> <span class='ocrx_word' id='word_1_237' title='bbox 825 3667 1078 3736; x_wconf 73' lang='lat' dir='ltr'>Kiostcrneabarp.</span> 
     </span>
    </p>
   </div>
   <div class='ocr_carea' id='block_1_8' title="bbox 609 3773 1095 3830">
    <p class='ocr_par' dir='ltr' id='par_1_8' title="bbox 609 3773 1095 3830">
     <span class='ocr_line' id='line_1_31' title="bbox 609 3773 1095 3830; baseline -0.002 -3"><span class='ocrx_word' id='word_1_238' title='bbox 609 3774 669 3828; x_wconf 79' lang='lat' dir='ltr'>Dat.</span> <span class='ocrx_word' id='word_1_239' title='bbox 688 3773 765 3827; x_wconf 87' lang='lat' dir='ltr'>Wisn</span> <span class='ocrx_word' id='word_1_240' title='bbox 788 3775 831 3828; x_wconf 84' lang='lat'>12.</span> <span class='ocrx_word' id='word_1_241' title='bbox 850 3775 997 3828; x_wconf 82' lang='lat' dir='ltr'>December</span> <span class='ocrx_word' id='word_1_242' title='bbox 1016 3775 1095 3830; x_wconf 71' lang='lat' dir='ltr'>luet.</span> 
     </span>
    </p>
   </div>
   <div class='ocr_carea' id='block_1_9' title="bbox 251 3904 1456 4750">
    <p class='ocr_par' dir='ltr' id='par_1_9' title="bbox 251 3904 1456 4750">
     <span class='ocr_line' id='line_1_32' title="bbox 343 3904 1453 3988; baseline 0 -21"><span class='ocrx_word' id='word_1_243' title='bbox 343 3906 460 3986; x_wconf 83' lang='lat' dir='ltr'>Quanto</span> <span class='ocrx_word' id='word_1_244' title='bbox 476 3905 642 3968; x_wconf 89' lang='lat' dir='ltr'>studiosius</span> <span class='ocrx_word' id='word_1_245' title='bbox 659 3925 704 3976; x_wconf 89' lang='lat' dir='ltr'>ea,</span> <span class='ocrx_word' id='word_1_246' title='bbox 721 3925 779 3988; x_wconf 78' lang='lat' dir='ltr'>que</span> <span class='ocrx_word' id='word_1_247' title='bbox 796 3904 870 3968; x_wconf 90' lang='lat' dir='ltr'>liunt</span> <span class='ocrx_word' id='word_1_248' title='bbox 885 3906 965 3969; x_wconf 89' lang='lat' dir='ltr'>inter</span> <span class='ocrx_word' id='word_1_249' title='bbox 976 3905 1122 3977; x_wconf 90' lang='lat' dir='ltr'>homines,</span> <span class='ocrx_word' id='word_1_250' title='bbox 1134 3904 1278 3968; x_wconf 88' lang='lat' dir='ltr'>memorie</span> <span class='ocrx_word' id='word_1_251' title='bbox 1295 3924 1453 3970; x_wconf 90' lang='lat' dir='ltr'>commen-</span> 
     </span>
     <span class='ocr_line' id='line_1_33' title="bbox 253 4011 1454 4096; baseline 0 -20"><span class='ocrx_word' id='word_1_252' title='bbox 253 4014 371 4086; x_wconf 89' lang='lat' dir='ltr'>dantur,</span> <span class='ocrx_word' id='word_1_253' title='bbox 389 4015 471 4075; x_wconf 89' lang='lat' dir='ltr'>tante</span> <span class='ocrx_word' id='word_1_254' title='bbox 489 4013 583 4075; x_wconf 90' lang='lat' dir='ltr'>minus</span> <span class='ocrx_word' id='word_1_255' title='bbox 596 4011 728 4095; x_wconf 91' lang='lat' dir='ltr'>scrupuli</span> <span class='ocrx_word' id='word_1_256' title='bbox 740 4013 925 4096; x_wconf 84' lang='lat' dir='ltr'>relinquetur</span> <span class='ocrx_word' id='word_1_257' title='bbox 938 4014 1067 4096; x_wconf 89' lang='lat' dir='ltr'>posteris</span> <span class='ocrx_word' id='word_1_258' title='bbox 1085 4013 1123 4077; x_wconf 88' lang='lat' dir='ltr'>de</span> <span class='ocrx_word' id='word_1_259' title='bbox 1136 4013 1262 4077; x_wconf 89' lang='lat' dir='ltr'>eisdem.</span> <span class='ocrx_word' id='word_1_260' title='bbox 1279 4012 1341 4075; x_wconf 90' lang='lat' dir='ltr'>Nos</span> <span class='ocrx_word' id='word_1_261' title='bbox 1358 4014 1454 4094; x_wconf 80' lang='lat' dir='ltr'>igitur</span> 
     </span>
     <span class='ocr_line' id='line_1_34' title="bbox 251 4120 1456 4209; baseline 0 -22"><span class='ocrx_word' id='word_1_262' title='bbox 251 4124 366 4209; x_wconf 71' lang='lat' dir='ltr'>Aprica,</span> <span class='ocrx_word' id='word_1_263' title='bbox 374 4122 499 4185; x_wconf 84' lang='lat' dir='ltr'>Relicta</span> <span class='ocrx_word' id='word_1_264' title='bbox 510 4121 685 4206; x_wconf 82' lang='lat' dir='ltr'>Rapotouis</span> <span class='ocrx_word' id='word_1_265' title='bbox 700 4122 741 4184; x_wconf 83' lang='lat' dir='ltr'>de</span> <span class='ocrx_word' id='word_1_266' title='bbox 752 4120 992 4191; x_wconf 70' lang='lat' dir='ltr'>aabbenbereb,</span> <span class='ocrx_word' id='word_1_267' title='bbox 1005 4121 1188 4186; x_wconf 78' lang='lat' dir='ltr'>Hadmamas</span> <span class='ocrx_word' id='word_1_268' title='bbox 1200 4128 1232 4186; x_wconf 86' lang='lat' dir='ltr'>et</span> <span class='ocrx_word' id='word_1_269' title='bbox 1247 4124 1382 4209; x_wconf 82' lang='lat' dir='ltr'>Rapoto,</span> <span class='ocrx_word' id='word_1_270' title='bbox 1388 4124 1456 4207; x_wconf 68' lang='lat' dir='ltr'>filis·</span> 
     </span>
     <span class='ocr_line' id='line_1_35' title="bbox 252 4227 1454 4316; baseline -0.002 -21"><span class='ocrx_word' id='word_1_271' title='bbox 252 4231 355 4295; x_wconf 80' lang='lat' dir='ltr'>nostri</span> <span class='ocrx_word' id='word_1_272' title='bbox 365 4228 565 4316; x_wconf 78' lang='lat' dir='ltr'>Marparetta</span> <span class='ocrx_word' id='word_1_273' title='bbox 576 4228 690 4293; x_wconf 83' lang='lat' dir='ltr'>relicta</span> <span class='ocrx_word' id='word_1_274' title='bbox 704 4229 828 4293; x_wconf 86' lang='lat' dir='ltr'>Ottonis</span> <span class='ocrx_word' id='word_1_275' title='bbox 839 4229 880 4292; x_wconf 83' lang='lat' dir='ltr'>de</span> <span class='ocrx_word' id='word_1_276' title='bbox 891 4227 1079 4295; x_wconf 86' lang='lat' dir='ltr'>Sannbereb</span> <span class='ocrx_word' id='word_1_277' title='bbox 1088 4230 1158 4315; x_wconf 77' lang='lat' dir='ltr'>filia</span> <span class='ocrx_word' id='word_1_278' title='bbox 1176 4239 1286 4296; x_wconf 83' lang='lat' dir='ltr'>nostra</span> <span class='ocrx_word' id='word_1_279' title='bbox 1300 4233 1370 4295; x_wconf 90' lang='lat' dir='ltr'>etati</span> <span class='ocrx_word' id='word_1_280' title='bbox 1380 4251 1454 4315; x_wconf 90' lang='lat' dir='ltr'>pre·</span> 
     </span>
     <span class='ocr_line' id='line_1_36' title="bbox 252 4336 1454 4422; baseline 0.001 -20"><span class='ocrx_word' id='word_1_281' title='bbox 252 4341 330 4402; x_wconf 89' lang='lat' dir='ltr'>senti</span> <span class='ocrx_word' id='word_1_282' title='bbox 347 4338 459 4420; x_wconf 87' lang='lat' dir='ltr'>pariter</span> <span class='ocrx_word' id='word_1_283' title='bbox 476 4342 506 4399; x_wconf 89' lang='lat' dir='ltr'>et</span> <span class='ocrx_word' id='word_1_284' title='bbox 523 4337 621 4402; x_wconf 86' lang='lat' dir='ltr'>sature</span> <span class='ocrx_word' id='word_1_285' title='bbox 639 4336 774 4419; x_wconf 89' lang='lat' dir='ltr'>cupimus</span> <span class='ocrx_word' id='word_1_286' title='bbox 795 4339 862 4399; x_wconf 89' lang='lat' dir='ltr'>lore</span> <span class='ocrx_word' id='word_1_287' title='bbox 878 4342 993 4407; x_wconf 86' lang='lat' dir='ltr'>notum,</span> <span class='ocrx_word' id='word_1_288' title='bbox 1010 4337 1089 4422; x_wconf 90' lang='lat' dir='ltr'>quod</span> <span class='ocrx_word' id='word_1_289' title='bbox 1105 4340 1288 4404; x_wconf 78' lang='lat' dir='ltr'>balnearem</span> <span class='ocrx_word' id='word_1_290' title='bbox 1309 4341 1454 4404; x_wconf 89' lang='lat' dir='ltr'>stubbum</span> 
     </span>
     <span class='ocr_line' id='line_1_37' title="bbox 252 4444 1453 4532; baseline -0.002 -21"><span class='ocrx_word' id='word_1_291' title='bbox 252 4444 712 4511; x_wconf 79' lang='lat' dir='ltr'>nitaminNecmbarcbdictum</span> <span class='ocrx_word' id='word_1_292' title='bbox 721 4445 1165 4532; x_wconf 77' lang='lat' dir='ltr'>scherfinpspadstubennohis</span> <span class='ocrx_word' id='word_1_293' title='bbox 1175 4446 1240 4510; x_wconf 88' lang='lat' dir='ltr'>iure</span> <span class='ocrx_word' id='word_1_294' title='bbox 1250 4447 1453 4530; x_wconf 87' lang='lat' dir='ltr'>proprietario</span> 
     </span>
     <span class='ocr_line' id='line_1_38' title="bbox 251 4549 1455 4639; baseline -0.001 -20"><span class='ocrx_word' id='word_1_295' title='bbox 251 4549 424 4619; x_wconf 87' lang='lat' dir='ltr'>attinentem</span> <span class='ocrx_word' id='word_1_296' title='bbox 442 4551 480 4616; x_wconf 93' lang='lat' dir='ltr'>de</span> <span class='ocrx_word' id='word_1_297' title='bbox 497 4573 645 4617; x_wconf 91' lang='lat' dir='ltr'>consensu</span> <span class='ocrx_word' id='word_1_298' title='bbox 663 4554 803 4624; x_wconf 85' lang='lat' dir='ltr'>omniurn,</span> <span class='ocrx_word' id='word_1_299' title='bbox 820 4554 871 4637; x_wconf 84' lang='lat' dir='ltr'>qui</span> <span class='ocrx_word' id='word_1_300' title='bbox 888 4555 935 4616; x_wconf 90' lang='lat' dir='ltr'>ius</span> <span class='ocrx_word' id='word_1_301' title='bbox 951 4554 1165 4618; x_wconf 87' lang='lat' dir='ltr'>hereditarium</span> <span class='ocrx_word' id='word_1_302' title='bbox 1182 4573 1294 4639; x_wconf 88' lang='lat' dir='ltr'>capere</span> <span class='ocrx_word' id='word_1_303' title='bbox 1311 4561 1455 4637; x_wconf 91' lang='lat' dir='ltr'>poterant</span> 
     </span>
     <span class='ocr_line' id='line_1_39' title="bbox 251 4659 1453 4750; baseline 0 -22"><span class='ocrx_word' id='word_1_304' title='bbox 251 4665 282 4728; x_wconf 92' lang='lat' dir='ltr'>in</span> <span class='ocrx_word' id='word_1_305' title='bbox 299 4661 415 4734; x_wconf 86' lang='lat' dir='ltr'>eadem,</span> <span class='ocrx_word' id='word_1_306' title='bbox 433 4659 621 4726; x_wconf 78' lang='lat' dir='ltr'>vendidimus</span> <span class='ocrx_word' id='word_1_307' title='bbox 642 4661 872 4726; x_wconf 86' lang='lat' dir='ltr'>honorabilibus</span> <span class='ocrx_word' id='word_1_308' title='bbox 888 4661 974 4734; x_wconf 83' lang='lat' dir='ltr'>viris,</span> <span class='ocrx_word' id='word_1_309' title='bbox 998 4662 1123 4727; x_wconf 87' lang='lat' dir='ltr'>Domino</span> <span class='ocrx_word' id='word_1_310' title='bbox 1147 4661 1272 4728; x_wconf 86' lang='lat' dir='ltr'>Puboni</span> <span class='ocrx_word' id='word_1_311' title='bbox 1281 4664 1453 4750; x_wconf 85' lang='lat' dir='ltr'>preposita</span> 
     </span>
    </p>
   </div>
   <div class='ocr_carea' id='block_1_10' title="bbox 0 0 1632 5350">
    <p class='ocr_par' dir='ltr' id='par_1_10' title="bbox 0 0 1632 5350">
     <span class='ocr_line' id='line_1_40' title="bbox 0 0 1632 5350; baseline 0 0"><span class='ocrx_word' id='word_1_312' title='bbox 0 0 1632 5350; x_wconf 95' lang='lat' dir='ltr'> </span> 
     </span>
    </p>
   </div>
  </div>
 </body>
</html>
