3242 5350
307 477 381 551 100

303 656 380 722 nach
396 653 530 722 Christos
547 664 674 743 gepurte
688 676 790 721 waren
810 675 965 739 ergangen
986 662 1105 721 tanseat
1118 656 1173 731 ior,
1197 656 1407 724 Drerbondert
1422 659 1481 732 iar,

302 767 363 831 [lor
378 767 453 832 nach
469 767 499 830 io
517 766 584 831 dem
600 769 740 832 secbstcn
754 767 800 829 iar
820 787 857 829 un
874 766 959 831 Sand
975 765 1111 831 barnabe
1126 767 1201 849 Tag.

391 891 449 944 orig.
463 893 524 945 Pcrg.
538 891 635 947 (Proteo.
645 895 681 934 lll.
695 895 732 935 llr.
742 892 803 947 sos.)
824 892 852 932 s·
862 891 1069 945 Pormorlstreiteo
1084 892 1146 945 hingo
1158 893 1194 932 dos
1204 892 1292 934 obsolute
1306 894 1369 934 sebon
1379 895 1483 935 betonte

304 961 452 1017 Copitatriegel
467 965 507 1005 nu
521 965 556 1006 du
570 965 606 1006 deo
620 966 719 1016 Proprie·
732 965 829 1010 Bertold,
848 965 885 1004 dor
904 963 922 1003 ir
943 965 1011 1004 dieser
1025 965 1119 1006 utilene
1134 970 1203 1004 ruerat
1223 965 1253 1006 sla
1268 966 1351 1006 soleber
1365 967 1482 1010 erselrrint.

302 1036 344 1077 rur
357 1036 400 1077 dom
416 1037 518 1091 oblonga
533 1037 603 1090 Sirgol
618 1038 732 1084 desselben,
746 1037 766 1078 in
780 1038 862 1091 gelbcrn
875 1038 956 1083 wicun,
976 1037 1081 1078 eruebeinl
1094 1050 1118 1077 er
1132 1039 1238 1078 orterbalb
1253 1038 1271 1078 ir
1296 1039 1406 1080 triernder
1422 1042 1485 1080 Stel-

300 1110 363 1162 ingr
383 1110 481 1151 obcrbsllr
496 1111 553 1152 steht
565 1111 618 1153 lius
632 1112 665 1153 dis
678 1111 871 1164 seligeret-agon
884 1112 1042 1159 ,fiberrebottet
1056 1112 1145 1152 vordero
1160 1111 1250 1164 belliger
1260 1112 1339 1158 (letale,
1357 1114 1427 1154 rectit:
1443 1114 1485 1153 der

301 1184 464 1236 rerktodigsarle
478 1186 542 1237 Engel
558 1185 654 1233 Gabriel,
669 1185 689 1226 in
704 1185 741 1226 der
754 1185 822 1225 liskes
836 1185 892 1224 ilerd
906 1184 950 1225 ciue
965 1184 1018 1225 bille
1031 1185 1124 1237 bound,
1138 1185 1171 1225 die
1186 1186 1257 1225 realta
1270 1186 1358 1237 segnend
1372 1187 1482 1231 eruore-3

300 1255 401 1297 sviscben
411 1257 484 1298 beiden
501 1257 533 1297 ein
543 1258 623 1306 (letior,
633 1271 669 1299 aas
677 1259 776 1299 veletren
785 1258 798 1298 3
808 1259 889 1298 orme·
900 1258 1057 1312 emporsteigca.
1067 1259 1189 1302 Umebritt:
1200 1259 1217 1312 †
1227 1259 1248 1299 S.
1255 1259 1360 1300 remores
1373 1259 1485 1311 Propositi

302 1320 355 1371 d’oo‘e
369 1331 540 1384 ltornbnrgensio.
563 1329 607 1371 wte
622 1331 665 1373 rein
679 1331 803 1384 Vorgirgor,
826 1343 850 1371 so
863 1330 926 1384 spielt
939 1331 990 1371 rusb
1011 1343 1034 1371 or
1053 1330 1073 1370 ἰι
1094 1332 1138 1371 dom
1157 1330 1228 1384 stege!
1245 1334 1281 1372 nt
1297 1333 1365 1373 sciren
1384 1333 1486 1383 Wrbltag

300 1402 442 1458 (denuntiatio
457 1404 480 1444 Β.
495 1405 522 1444 bt.
536 1402 573 1459 V.)
588 1404 622 1444 26.
636 1402 693 1444 uns
707 1416 739 1446 ro.

845 1514 933 1595 cvl.

298 1657 401 1732 Propat
421 1654 536 1729 Rodper
558 1655 689 1728 nocuum
709 1660 795 1713 anter
816 1658 987 1714 bestimmten
1006 1655 1210 1727 Bediapanpcn
1230 1656 1285 1713 den
1302 1657 1386 1733 Kouf
1402 1659 1483 1715 ciues

572 1746 682 1803 Hauscs
694 1746 785 1804 durclr
803 1747 856 1805 dus
874 1748 948 1821 Stifl
965 1746 1199 1804 Krcmsmrinstcr.

630 1858 690 1914 nat.
701 1858 929 1930 Klosternsuburg
942 1858 985 1914 29.
998 1857 1058 1913 doni
1072 1857 1150 1913 isco.

390 1968 453 2033 Nos
480 1969 644 2058 Itodpcrus
669 1970 788 2036 Divina
813 1970 1019 2037 miseracione
1049 1969 1247 2057 Prepositus,
1275 1968 1482 2035 Ebcrbordus

301 2077 450 2144 Decorus
471 2077 625 2163 Totusque
646 2076 818 2146 Conventus
842 2079 980 2145 Ecclesie
1000 2076 1257 2160 Ncrnburgensis,
1277 2077 1384 2143 Notum
1406 2099 1481 2143 esse

300 2185 434 2251 uolumus
460 2188 648 2274 presencium
674 2189 896 2273 inspectoribus
923 2188 1071 2252 universis
1087 2188 1277 2272 presentibus
1300 2196 1330 2252 et
1356 2189 1479 2262 tuturis,

301 2295 386 2378 Quod
403 2294 584 2361 honorabilis
596 2297 861 2371 nominenumine
875 2297 1050 2364 Gcrdrodis
1060 2319 1147 2362 uror
1159 2297 1313 2385 procudam
1324 2297 1483 2362 Hertnidi

301 2407 379 2472 donc
399 2407 701 2494 mmooricMcpistri
717 2407 810 2474 tiocia
831 2414 937 2472 matre
952 2408 990 2471 de
1006 2406 1158 2471 voluntate
1173 2412 1275 2471 nostro
1290 2412 1321 2469 et
1336 2406 1479 2479 licencia,

300 2533 359 2579 nec
379 2535 439 2579 non
461 2515 501 2579 do
523 2515 652 2580 omnium
675 2516 818 2581 heredum
835 2536 953 2580 snorum
971 2535 1119 2580 consensu
1135 2516 1266 2580 Dmmm
1280 2538 1368 2581 nram
1383 2516 1481 2580 sitam

298 2623 386 2691 intro
406 2645 511 2690 muros
534 2624 673 2691 moilctts
694 2626 963 2715 Ncondorpensis,
986 2645 1072 2711 quam
1090 2647 1106 2689 a
1124 2630 1222 2690 nostra
1239 2625 1376 2690 Ecclesia
1400 2625 1481 2690 dure

299 2732 403 2807 Ciuili,
442 2734 520 2821 quod
548 2733 736 2801 Porcbrecbt
769 2735 894 2809 dicitur,
922 2735 1112 2819 possidebat,
1143 2735 1275 2799 vendidit
1306 2736 1482 2800 Venerabili

295 2841 326 2906 in
357 2842 478 2908 Christo
510 2843 591 2908 Patri
622 2842 747 2908 Domino
775 2845 940 2910 Fridcrioo
967 2845 1081 2910 Abbati
1106 2852 1137 2909 ct
1162 2857 1217 2909 suo
1245 2844 1416 2908 Coaocnnn'
1442 2845 1479 2909 in

298 2950 561 3018 Cdremsmoncter
581 2973 635 3036 pro
657 2953 793 3037 Triginta
821 2959 889 3019 octo
914 2953 1035 3017 talentis
1065 2953 1260 3017 Denariorum
1282 2952 1479 3017 Wiennensis

295 3067 423 3125 monete.
449 3060 596 3125 Profitens
620 3060 650 3124 in
673 3068 774 3125 nostra
795 3064 970 3147 presencia,
993 3060 1071 3145 quod
1093 3060 1196 3123 eadem
1218 3061 1342 3145 pecunia
1359 3062 1416 3126 sibi
1436 3063 1481 3125 sit

294 3168 483 3251 integraliter
503 3170 664 3254 persoluto.
701 3171 763 3236 Nos
786 3172 888 3256 itaque
915 3177 1099 3236 contractum
1126 3170 1294 3234 huiusmodi
1320 3178 1416 3235 ratum
1445 3177 1480 3234 et

294 3284 412 3362 gratum
438 3277 582 3343 babentes
609 3279 717 3344 dictum
740 3280 857 3345 domum
881 3287 949 3364 post
971 3273 1208 3362 resignacionem
1234 3280 1327 3364 ipsius
1348 3279 1478 3344 Domine

296 3388 452 3453 Gertrodis
482 3394 653 3473 prenotate,
687 3409 867 3473 suorumque
899 3388 1042 3452 heredum
1073 3389 1130 3471 ipsi
1161 3388 1286 3453 Domino
1317 3388 1477 3456 Friderico

294 3496 394 3562 abbati
415 3496 553 3583 predicto
585 3505 616 3564 et
636 3518 691 3562 suo
712 3496 853 3562 Ecclesia
880 3498 909 3560 in
931 3497 1191 3562 chremsmunster
1219 3498 1422 3563 concessimus
1445 3505 1478 3562 et

293 3606 464 3672 donavimus
494 3606 570 3670 lure
599 3606 703 3679 simili,
730 3606 872 3671 videlicet
901 3605 1003 3683 Ciuili,
1034 3605 1112 3690 quod
1141 3606 1328 3671 Porcbrecbt
1355 3606 1478 3682 dicitur,

294 3722 441 3800 perpetuo
472 3715 700 3800 possidendam,
730 3714 827 3780 Saluis
858 3718 974 3779 omnino
1002 3715 1224 3779 condicionibus
1248 3716 1325 3780 inira
1351 3716 1476 3801 scriptis

294 3825 436 3889 videlicet
465 3823 545 3911 quod
572 3824 611 3889 de
641 3825 706 3909 ipso
734 3825 820 3889 domo
848 3831 1004 3909 prenotata
1030 3825 1123 3889 Nobis
1146 3832 1308 3910 nostreque
1333 3824 1475 3890 Ecclesie

293 3933 409 3999 duobus
425 3934 560 3998 terminis
576 3936 606 3998 io
623 3953 711 4009 anno,
728 3934 848 4000 scilicet
864 3936 941 3998 sesto
957 3933 1037 3999 beati
1054 3933 1178 4017 Georgii
1193 3935 1324 4020 quinque
1339 3925 1428 4000 solidi
1444 3942 1476 3999 et

294 4043 373 4108 festo
390 4043 471 4107 beati
487 4043 607 4108 Martini
628 4044 760 4129 quinque
776 4043 864 4108 solidi
881 4045 1070 4108 denariorum
1089 4044 1311 4107 Wiennensium
1327 4052 1475 4128 perpetuo

293 4152 508 4217 ministrentur.
526 4151 611 4235 Quod
622 4154 713 4238 siper
725 4154 821 4238 ipsum
829 4154 984 4219 Dominum
994 4153 1135 4218 Abbatero
1145 4152 1313 4238 predictum
1324 4151 1371 4217 rel
1388 4174 1474 4218 snum

293 4282 502 4326 successorem
524 4281 740 4348 quemcumque
758 4282 935 4347 quocunque
960 4264 1045 4327 modo
1067 4262 1235 4345 neglectum
1257 4260 1364 4332 luerit,
1382 4261 1475 4326 debet

292 4370 518 4435 secundumdus
530 4372 1024 4437 terrodustrieetconsuetudinem
1037 4393 1091 4455 per
1102 4373 1199 4456 ipsum
1207 4369 1363 4433 Dominum
1371 4370 1474 4435 Abba-

291 4484 352 4544 tem
364 4481 549 4564 sepedictum
557 4488 589 4545 et
596 4500 680 4544 suurn
688 4487 866 4545 conventum
876 4481 954 4544 omni
970 4479 1299 4564 occasioneposlposita
1307 4482 1471 4545 emendari.

292 4589 331 4653 Vt
343 4596 438 4655 autern
447 4592 530 4654 circa
544 4595 728 4655 contractum
744 4590 927 4662 huiusmodi,
936 4596 966 4653 et
982 4590 1168 4654 nibilominus
1181 4591 1263 4654 circa
1275 4590 1472 4654 donacionem

292 4706 324 4764 ot
340 4700 563 4766 concessionem
585 4701 692 4765 tactom
709 4718 727 4762 o
743 4698 830 4764 nobis
847 4701 941 4763 crnnis
953 4700 1080 4763 evitetur
1095 4697 1264 4781 calumpnia
1281 4699 1310 4762 in
1328 4698 1471 4771 loturum,
