3242 5350
1257 562 1305 635 37

148 735 286 801 sacerdote
301 736 423 816 genitus
440 740 472 800 et
487 737 594 808 soluta.
616 737 834 824 propterquod
857 737 1078 802 institucionem
1101 744 1131 801 et
1148 739 1308 805 confirma·

147 848 244 911 donem
259 852 390 908 nostram
406 845 504 910 minus
520 847 716 912 subicientem
740 853 881 931 reputans
899 846 936 910 ad
952 844 1115 928 apostolice
1138 848 1220 912 sedis
1234 869 1309 931 gre·

147 955 220 1017 nium
232 954 390 1018 recurristi
406 961 437 1019 et
452 956 596 1027 meruisti,
609 957 645 1019 ad
658 975 760 1019 omnes
776 975 880 1020 sacros
893 954 1013 1019 ordines
1030 961 1060 1019 et
1076 955 1112 1019 ad
1131 955 1307 1022 beneficium

147 1065 225 1128 eciam
239 1082 304 1126 cum
320 1082 396 1127 cura
412 1069 445 1127 ut
460 1065 628 1148 promoveri
645 1065 726 1128 licite
742 1066 842 1149 possis
860 1084 918 1128 nou
934 1063 1072 1128 obstante
1092 1064 1213 1129 desecto
1236 1087 1308 1150 pre·

146 1172 212 1237 licto
231 1170 375 1245 eiusdem,
401 1171 566 1257 apostolice
588 1174 669 1238 sedis
693 1174 929 1258 dispensacionis
955 1170 1117 1237 remedium
1140 1180 1307 1258 reportare,

143 1280 343 1367 propterquod
358 1281 641 1365 humiliterpetisti,
656 1303 711 1366 per
728 1304 781 1346 nos
797 1283 939 1347 ratificari
953 1282 1169 1347 institucionem
1186 1283 1308 1367 predic·

143 1388 278 1455 temdus
300 1390 397 1474 igitur
422 1391 481 1455 tuis
509 1390 708 1475 peticionibus
736 1392 870 1457 inclinati
896 1412 931 1455 ac
957 1392 1091 1455 volentes
1116 1390 1322 1487 apostolicam,

142 1499 258 1582 graciam
279 1496 335 1563 tibi
362 1499 496 1565 reddere
519 1492 716 1579 fructuosam,
739 1501 960 1566 institucionem
975 1506 1119 1573 nostmm,
1143 1521 1201 1586 que
1223 1502 1307 1586 prius

143 1613 197 1673 erat
209 1605 335 1673 invalida
351 1608 513 1681 retificem.
529 1611 678 1695 presentia
694 1610 801 1695 scripti
816 1611 981 1695 patrocinio
994 1610 1222 1677 corroboramus
1238 1631 1312 1676 eao-

143 1718 199 1782 dem
214 1738 247 1781 ac
266 1719 444 1783 innovamus
461 1726 492 1784 et
514 1719 734 1784 essevolumus
754 1722 900 1803 perpetuo
917 1718 1082 1783 valituram.
1107 1720 1140 1784 lu
1156 1722 1239 1786 cuius
1263 1723 1309 1785 rei

141 1828 329 1892 testimonium
353 1828 487 1910 sigillum
511 1833 643 1893 nostrum
663 1828 856 1912 presentibus
880 1832 927 1892 est
948 1848 1121 1912 appensum.
1147 1830 1253 1895 Datum
1274 1832 1309 1897 irs

141 1937 268 2003 liodriss
283 1940 371 2002 Auno
384 1938 496 2003 domini
511 1936 687 2004 mccxc?
704 1937 752 2002 Vll
765 1937 835 2001 idus
851 1937 957 2002 Marcii
971 1936 1142 2002 indiccione
1157 1940 1263 2004 tercie.

640 2061 799 2103 scissarum
813 2060 895 2102 nouo
909 2061 1025 2105 conon.
1041 2063 1077 2103 ru.
1087 2063 1122 2109 ns
1137 2064 1176 2104 ror.
1191 2063 1255 2110 sas.

200 2152 272 2226 Dysx
283 2153 321 2209 ist
332 2152 421 2225 Tsju
431 2152 458 2207 in
470 2154 585 2218 iltbrem
599 2154 717 2210 Znsimer
728 2154 844 2209 lireises.

665 2326 773 2399 XLIV.

234 2471 416 2543 Ablmsbrief
428 2471 480 2545 fris·
497 2472 544 2527 die
555 2474 651 2528 Heres·
667 2473 719 2528 der
736 2471 889 2542 Prediqtcn
906 2489 943 2527 su
955 2469 1204 2544 Klostermeubury.

534 2582 676 2638 Datilum
695 2582 720 2637 1.
734 2582 809 2654 Sept.
829 2581 909 2638 meo.

216 2692 378 2758 Vniversis
395 2691 507 2758 Christi
528 2693 666 2759 fidelibus
688 2699 847 2778 presentes
867 2695 981 2758 litteras
997 2694 1178 2778 inspecturis
1200 2699 1312 2763 mmo

139 2804 317 2868 Asborerssis
333 2809 364 2867 et
378 2802 580 2869 summissus
590 2804 777 2870 Mokicensis
787 2803 994 2868 miseracione
1008 2803 1117 2869 dicimo
1128 2805 1311 2894 Arcbiepis·

139 2914 203 2999 copi
217 2912 348 2976 salutem
361 2914 571 2997 sempiternam
588 2919 619 2977 et
634 2915 815 2979 fructuosam
830 2913 861 2976 in
877 2912 996 2978 domino
1007 2911 1170 2977 karitatem.
1188 2916 1311 2980 Gratum

138 3021 307 3107 obsequium
324 3024 355 3083 et
370 3021 433 3085 Deo
449 3023 529 3105 pium
540 3022 657 3087 tociens
669 3021 846 3107 impendere
862 3022 1026 3105 opinamur,
1043 3023 1186 3106 quociens
1200 3030 1313 3087 mentes

139 3128 261 3194 fidelium
281 3130 319 3194 ad
334 3129 474 3194 Karitatis
491 3135 522 3194 et
536 3131 658 3215 pietatis
670 3150 761 3216 opers
779 3132 950 3203 excitamus.
967 3137 998 3195 et
1014 3129 1108 3206 adid,
1125 3130 1204 3216 quod
1216 3131 1314 3196 divine

140 3242 236 3323 pagine
268 3239 414 3304 recitator
436 3240 576 3324 eulogiis,
599 3240 731 3326 paternis
753 3239 972 3305 inductionibus
995 3260 1206 3305 ammonemus.
1240 3239 1314 3305 Cum

138 3347 227 3432 itaque
238 3348 324 3413 sacri
335 3347 501 3433 Evangelii
512 3354 640 3416 testetur
651 3351 822 3424 auctoritas,
834 3349 902 3414 Non
915 3349 948 3413 in
964 3348 1027 3413 solo
1040 3369 1116 3435 pane
1127 3349 1199 3415 sivit
1215 3351 1314 3424 bomo,

139 3458 184 3521 sed
198 3460 228 3522 io
245 3457 328 3523 omni
350 3455 454 3531 verbo,
470 3459 549 3543 quod
570 3461 707 3544 procedit
724 3479 761 3523 ex
777 3479 830 3524 ore
846 3458 905 3522 dei.
924 3456 1085 3543 Cupientes
1102 3458 1241 3543 populum
1264 3458 1313 3540 dej

140 3566 164 3628 io
180 3567 373 3632 devocionem
390 3568 526 3649 erigere,
543 3573 573 3632 et
588 3568 624 3632 ad
638 3588 806 3633 sermonem
823 3567 1022 3652 predicatoris
1041 3566 1174 3631 veritatis
1192 3568 1315 3631 audien-

141 3673 200 3738 dum
216 3676 353 3750 allicere,
371 3675 514 3741 Omnibus
530 3697 603 3741 rere
626 3678 829 3762 penitentibus
847 3681 878 3741 et
893 3676 1057 3748 confessis,
1074 3676 1129 3763 psi
1143 3697 1315 3742 sermonem

141 3785 275 3852 Discreti
288 3787 354 3851 oiri
368 3787 502 3852 Pedonis
517 3786 677 3875 Preposa'ti
698 3793 754 3851 aot
775 3786 910 3853 alieuius
939 3785 1163 3851 Cononicomsm
1185 3784 1315 3851 ecclesie

142 3894 171 3956 in
183 3894 374 3961 Nueoburcb
391 3896 511 3961 ordinis
525 3896 630 3962 suncti
643 3895 812 3983 depactissi
831 3895 1029 3961 Putooiemsis
1044 3894 1177 3959 diocesis
1194 3895 1313 3980 populo

142 4003 188 4067 dei
205 4006 447 4093 proponendum
469 4005 629 4071 audierint
645 4005 692 4088 pis
708 3999 808 4068 mente
821 4005 850 4068 in
867 4004 995 4069 ecclesia
1011 4009 1181 4067 memoratu.
1199 4001 1261 4067 Nos
1278 4002 1316 4066 de

142 4113 345 4197 omnipotentis
361 4111 409 4193 dej
427 4113 631 4178 misericordia
649 4120 679 4177 et
695 4113 848 4178 beatorum
864 4114 945 4177 Petri
961 4120 992 4177 et
1009 4112 1092 4176 Pauli
1108 4110 1315 4197 Apostolorum

144 4221 200 4286 eius
215 4223 392 4288 auctoritate
409 4222 514 4288 contisi
526 4223 636 4305 singuli
651 4223 784 4304 singulas
798 4223 914 4286 dierum
930 4222 1136 4308 quadragenas
1150 4221 1187 4285 de
1199 4221 1315 4284 iniunc-

143 4331 178 4394 tis
192 4332 245 4396 sibi
261 4332 445 4414 penitentiis,
461 4334 632 4398 Dummodo
654 4353 822 4398 consensus
836 4332 1017 4397 dioecesani
1031 4332 1076 4397 od
1089 4332 1125 4396 id
1139 4330 1316 4401 accesserit,

144 4439 170 4501 ‘m
185 4440 298 4505 domino
313 4441 491 4506 relaxamus.
507 4441 540 4505 ln
551 4443 635 4506 cuius
650 4441 696 4505 rei
712 4442 910 4505 testimonium
924 4462 1050 4525 presens
1066 4441 1209 4526 scriptum
1222 4437 1318 4521 Sigil-

145 4546 229 4614 lorum
245 4557 414 4615 nostrorum
431 4551 590 4615 munimine
606 4550 741 4615 dommus
757 4548 966 4615 roborandum.
984 4552 1091 4614 Datum
1108 4548 1185 4633 apud
1213 4546 1316 4612 libem

147 4667 268 4725 veterem
289 4661 337 4724 Kl.
356 4657 544 4743 Septembris
565 4662 647 4724 Anno
671 4659 788 4724 Domini
807 4658 966 4725 Millesimo
982 4659 1193 4724 Ducentesimo
1214 4657 1316 4720 Nona·

147 4770 260 4848 gesimo,
276 4769 472 4836 Pontificatus
487 4769 606 4834 Domini
620 4768 736 4852 Nicolaj
752 4768 835 4853 Papo
851 4768 953 4851 Quarti
969 4769 1053 4832 Aorno
1069 4766 1190 4832 Tercio.
