3242 5350
1288 509 1337 582 25

144 689 208 755 rico
222 691 263 754 de
281 689 519 777 Glaullenperpe
540 689 663 774 suisque
680 688 844 753 heredibus
861 690 1032 754 ministrari.
1049 689 1226 753 Reverendo
1243 692 1340 754 eciam

143 797 257 861 domino
274 797 398 861 domino
417 799 585 864 Cbcurado
596 798 762 885 proposito
779 804 899 862 narrale
916 798 1050 863 ecclesie
1067 817 1124 861 non
1141 798 1237 880 magis
1254 817 1343 880 quam

141 906 179 968 xii
200 905 319 969 denarii
336 904 374 968 ab
401 905 460 968 hiis
477 905 592 969 colonis
615 906 742 990 presulis
759 906 824 968 iure
841 928 896 970 sue
913 906 1086 971 collacionis
1103 907 1132 967 in
1150 906 1228 969 festo
1245 907 1341 969 sancti

141 1011 250 1094 Georgi
263 1011 399 1095 singulis
413 1014 498 1076 annis
510 1014 689 1078 lribuunlur.
707 1014 768 1076 llos
780 1014 900 1098 quidem
913 1014 1049 1077 reddilus
1067 1012 1165 1077 dictos
1182 1014 1340 1097 sepedicto

140 1121 283 1188 llicirico
309 1123 350 1186 ue
374 1121 608 1209 Chcllenperpc
626 1123 751 1205 suisque
776 1121 940 1187 heredibus
963 1141 1019 1208 pro
1041 1123 1126 1185 xxxvi
1148 1122 1232 1186 libris
1250 1123 1342 1186 dena·

137 1231 247 1293 riorum
264 1230 484 1293 wiennensium
501 1229 572 1293 duri
589 1230 628 1293 ad
643 1229 832 1294 vendendum
849 1230 1026 1294 condicione
1043 1230 1106 1301 lali,
1125 1229 1206 1313 qnod
1227 1230 1266 1294 de
1282 1230 1340 1293 hiis

138 1339 177 1401 vii
193 1336 328 1402 debeant
344 1336 502 1401 vendendo
519 1336 638 1401 scilicel
662 1344 692 1401 at
708 1337 871 1421 obligando
888 1360 944 1403 nec
962 1359 1018 1402 nnn
1039 1339 1119 1401 amni
1140 1338 1341 1401 infestaciona

138 1446 309 1529 postposila
325 1446 423 1509 libera
439 1465 474 1509 ac
491 1445 589 1509 solule
615 1451 704 1529 prout
719 1446 821 1510 volunt
836 1447 865 1510 in
882 1468 954 1511 vsus
970 1467 1041 1510 snos
1058 1445 1270 1510 convertendo.
1293 1448 1342 1509 ln·

140 1576 231 1638 super
255 1554 338 1618 omni
359 1553 623 1638 proinpedimento
640 1555 750 1618 domini
774 1554 981 1640 cuiuscunque
1002 1554 1051 1618 vel
1076 1555 1222 1618 violencia
1242 1554 1338 1639 quali·

137 1683 254 1748 cunque
280 1664 437 1747 pecuniam
462 1668 512 1725 aut
533 1661 669 1726 redditus
692 1663 918 1746 suprascriptos
941 1663 1023 1726 dicto
1048 1663 1192 1728 Dietrico
1216 1665 1340 1748 suisque

138 1771 306 1835 heredibus
322 1772 448 1852 resigno
465 1768 561 1835 libere
583 1790 619 1834 ac
635 1773 749 1843 solute,
773 1792 829 1856 pro
846 1771 953 1856 quibus
971 1771 1120 1835 dumlaral
1134 1770 1343 1835 infestacionis

136 1881 208 1943 meis
220 1899 292 1942 cum
306 1878 471 1942 heredibus
484 1879 648 1943 secundum
662 1881 846 1961 erigenoiam
860 1881 934 1943 iuris
946 1887 1047 1943 nostre
1060 1886 1141 1943 terre
1154 1888 1204 1944 aul
1218 1886 1340 1942 nostro·

133 2008 195 2050 rum
207 1982 382 2072 principum
394 2008 450 2071 pro
463 1988 631 2050 huiusmodi
643 1989 773 2072 pecunia
785 1988 1010 2073 videbamque
1023 1989 1206 2072 purchrecht
1219 1989 1339 2058 dicitur,

135 2116 179 2160 me
193 2095 297 2177 obligo
314 2097 381 2158 sine
397 2094 465 2158 dolo
482 2116 707 2179 responsurum.
724 2096 763 2159 Ei
777 2098 858 2181 quud
874 2100 970 2160 omnia
993 2097 1165 2182 supradicta
1182 2095 1341 2162 inviolabi-

135 2206 204 2269 liter
215 2204 302 2266 lirina
315 2213 345 2266 el
357 2207 421 2266 rata
434 2208 640 2287 permancant,
652 2206 795 2270 Dictro'co
807 2207 969 2293 sepedicto
981 2208 1021 2272 de
1036 2206 1249 2293 Chullenperp
1258 2207 1342 2270 suia·

135 2336 197 2399 pue
211 2312 379 2375 heredibus
394 2312 425 2374 in
443 2311 566 2376 evidens
582 2313 786 2377 testimonium
803 2314 880 2377 hanc
898 2316 1012 2379 literam
1029 2315 1100 2378 dedi
1115 2335 1182 2378 meo
1205 2334 1340 2396 appenso

136 2420 238 2502 sigillo
250 2420 378 2483 firmiter
389 2419 569 2483 roborabam.
584 2419 676 2484 liuius
689 2424 733 2485 rei
746 2428 816 2485 sunl
828 2424 1087 2488 leslesDominua
1111 2423 1181 2488 ouo
1197 2423 1237 2486 de
1249 2421 1343 2485 busa-

136 2533 224 2606 lomc‚
240 2529 398 2594 Dominus
423 2528 543 2596 Vlm‘eua
558 2530 598 2593 de
618 2530 829 2615 Pillechdors,
852 2533 1007 2597 Dominus
1032 2533 1219 2597 vanrudua
1236 2533 1344 2614 frater

135 2661 220 2710 auus,
245 2638 401 2704 Dominus
419 2637 635 2703 Wcmabcrdua
649 2639 691 2704 de
709 2640 962 2725 Wolscberalorfi
977 2642 1154 2706 Permuldcs
1169 2640 1210 2705 do
1235 2639 1341 2704 Celes·

136 2770 276 2835 prurme‚
292 2748 469 2811 Priamidas
483 2754 515 2811 el
529 2748 737 2813 Eberhardua
755 2750 820 2833 filii
832 2751 885 2815 cai
899 2756 929 2811 el
951 2749 1142 2833 quamplures
1166 2748 1225 2811 lide
1246 2747 1341 2828 digni.

140 2858 248 2922 balam
271 2877 348 2920 anno
371 2857 487 2921 Domini
517 2855 776 2921 u⁰cc⁰uxxv11⁰
799 2861 829 2922 in
851 2857 900 2921 die
924 2859 1169 2922 annunciacionis
1192 2857 1282 2921 beale
1309 2861 1341 2920 et

139 2966 273 3050 gloriose
289 2964 417 3046 virginis
434 2964 539 3028 blarie.

803 3071 863 3124 orig.
873 3074 936 3124 rog.
946 3072 1009 3127 (asp.
1025 3072 1070 3112 var.
1084 3074 1119 3113 ur.
1133 3075 1153 3118 r,
1168 3072 1204 3112 nr.
1220 3069 1281 3124 arr.)

208 3146 262 3198 llas
282 3144 436 3212 dreieclvige
450 3160 483 3196 an
502 3145 586 3197 ciuem
600 3145 870 3214 Pergamanlslreiien
883 3146 1022 3215 hangende
1041 3145 1155 3213 lnsiegel
1174 3145 1273 3198 slimml
1287 3142 1334 3195 mil

140 3237 196 3290 dem
209 3233 320 3290 Jakou's
333 3252 383 3288 ron
398 3235 567 3289 Pillichrdors
576 3236 619 3288 bei
639 3236 737 3298 lluber,
747 3236 814 3290 Tab.
826 3237 869 3296 lX.
888 3238 934 3290 Nn.
948 3237 974 3300 9,
993 3236 1111 3289 ilberein.
1131 3235 1179 3288 Dio
1196 3235 1339 3301 Bositzung

140 3326 341 3381 iulinrersdnri
356 3326 448 3379 halben
462 3325 505 3379 die
517 3325 717 3380 Pilliohsdoricr
735 3333 818 3381 unlar
838 3328 934 3400 Propsl
947 3326 1053 3380 Xonrad
1074 3344 1105 3379 nn
1125 3325 1181 3379 sich
1201 3325 1340 3393 gebracht,

140 3418 254 3472 nelcher
273 3418 340 3470 nach
360 3415 419 3470 dana
437 3416 518 3470 Jahre
539 3416 610 3470 1236
629 3416 748 3470 daaelbai
765 3435 795 3470 ao
815 3418 864 3470 aio
883 3437 915 3471 zu
930 3417 1117 3472 Buchsendorl
1133 3416 1185 3469 und
1199 3416 1338 3485 Walpars·

141 3509 201 3562 dori
216 3524 285 3562 naue
305 3506 519 3577 Ansiedelungen
543 3506 769 3576 augclagl'halle.
797 3508 886 3560 Daher
910 3507 953 3561 dia
982 3507 1149 3576 llinweiaung
1173 3506 1222 3559 aul
1243 3506 1286 3558 iim
1312 3506 1337 3557 in

141 3598 227 3654 dieser
245 3596 382 3652 Urlvunde.

697 3731 792 3802 XXX.

140 3870 198 3924 Dur
225 3866 302 3941 Slift
328 3867 492 3942 vrrpcchlrl
519 3839 611 3923 moeno
636 3866 772 3936 ornares
804 3866 944 3922 Walclaun
971 3868 1055 3922 mucra
1079 3866 1272 3935 haumarum
1298 3880 1337 3917 au

610 3958 859 4026 Kloolemcubarp.

538 4066 597 4120 Dal.
616 4067 661 4122 30.
681 4065 840 4138 September
861 4067 938 4121 1277.

229 4176 407 4241 illemoriter
422 4176 610 4239 retinendum
626 4183 675 4240 est
691 4184 721 4240 et
736 4177 810 4240 vlile
830 4177 997 4246 sciendum,
1013 4174 1093 4258 quod
1114 4174 1282 4239 Wolcbuno
1308 4181 1340 4237 et

140 4286 222 4350 mori
243 4306 299 4348 sue
314 4304 351 4348 ac
375 4284 481 4348 liberis
498 4283 660 4348 eorundem
677 4285 857 4371 pomerium
880 4292 1020 4350 nostrum
1040 4284 1074 4347 in
1089 4281 1338 4350 insulcailuma

139 4396 217 4460 festa
234 4416 260 4458 s.
278 4391 369 4457 blioh.
388 4393 523 4482 proxime
539 4395 685 4477 preteriln
702 4413 796 4477 usque
813 4393 851 4457 nd
867 4394 972 4457 decem
990 4411 1082 4454 annos
1099 4389 1262 4454 locavimus
1285 4389 1338 4452 lali

140 4509 243 4587 pacto,
259 4507 293 4565 ut
307 4500 522 4565 iniraeasdem
539 4500 645 4564 decem
666 4521 759 4564 annos
781 4501 818 4564 ad
843 4501 999 4585 coquinam
1030 4504 1162 4562 nostram
1186 4499 1335 4561 annuatim

140 4611 224 4677 raol.
242 4610 437 4675 denariorum
454 4607 570 4674 duobus
589 4609 737 4682 terminis,
753 4608 897 4674 videlicet
917 4610 947 4671 in
964 4606 1168 4691 carnisprivio
1185 4626 1202 4667 v
1218 4604 1331 4669 solidos

141 4729 169 4786 el
182 4723 212 4786 in
228 4720 281 4785 die
292 4742 319 4784 s.
334 4717 462 4803 Georgii
478 4739 496 4784 v
512 4718 626 4786 solidos
644 4719 763 4784 nomine
781 4736 891 4784 census
906 4716 1027 4780 solvere
1044 4718 1190 4780 teneatur.
1207 4713 1333 4801 lnsuper
