3242 5350
806 826 993 909 CCCXVl.

300 971 512 1028 DerPnsrauer
526 970 677 1034 Donberr,
710 970 817 1034 Utrielu
843 972 972 1028 Deabcat
993 970 1055 1027 aad
1080 972 1207 1045 Piero-er
1227 972 1281 1030 der
1296 974 1341 1030 St.
1360 971 1500 1044 Stefana-

298 1063 394 1118 bireta
412 1079 460 1116 um
484 1061 629 1130 Wayram,
652 1061 768 1116 reteniat
789 1061 851 1116 dem
872 1063 963 1134 Stifte
986 1061 1030 1118 St.
1051 1061 1152 1117 Andro
1170 1063 1243 1119 croci
1256 1064 1441 1135 Weinpdrtea
1459 1079 1501 1117 zar

760 1148 1015 1220 Ktortcmcubrrrp.

718 1284 779 1339 liat.
797 1283 842 1338 18.
855 1284 973 1340 Februsr
992 1285 1073 1339 taos.

390 1432 423 1494 ln
440 1432 559 1511 nomine
576 1429 703 1492 Domini.
729 1430 832 1493 tmen.
858 1432 922 1514 Ego
943 1433 1061 1498 Vtrieus
1087 1434 1265 1499 &neamus
1284 1433 1502 1505 Putorimie,

300 1541 451 1606 Deouana
477 1546 509 1604 et
535 1540 693 1604 Ptebonus
713 1540 858 1604 Eooleaie
884 1540 999 1605 Sancti
1018 1539 1181 1628 Stephani
1205 1563 1303 1628 super
1319 1541 1504 1607 Wacbraim

300 1648 421 1731 publice
439 1646 586 1711 confiteor
602 1652 633 1710 et
649 1652 802 1730 protestor
818 1668 854 1711 ac
870 1653 970 1712 notum
988 1649 1055 1712 lieri
1072 1650 1160 1733 cupio
1178 1649 1370 1732 presentibus
1384 1650 1505 1733 pariter

300 1763 332 1820 et
355 1757 482 1826 tuturis,
512 1754 597 1836 Quod
623 1758 720 1837 gretia
744 1757 865 1819 favente
891 1757 989 1821 divina
1011 1778 1067 1842 pro
1088 1760 1185 1822 anime
1202 1779 1284 1830 mee,
1313 1778 1348 1823 ac
1365 1777 1503 1822 meorum

301 1867 528 1947 progenitorum
542 1870 690 1946 perpetuo
704 1870 734 1928 et
746 1865 870 1927 salutari
883 1867 1016 1930 remedio
1034 1874 1212 1950 conceptum
1226 1866 1338 1931 dudum
1354 1868 1383 1928 in
1400 1865 1503 1929 animo

298 1992 364 2035 meo
382 1972 567 2056 propositum
581 1972 707 2053 cupiens
720 1971 889 2035 efficaciter
900 1972 1076 2056 adimplere.
1094 1973 1171 2038 bona
1189 1974 1412 2038 deliberacione
1425 1992 1505 2056 pre-

299 2078 552 2144 habitaberedum
562 2098 703 2150 meorum,
721 2079 779 2143 boc
793 2088 841 2144 est
852 2081 993 2165 filiorum
1004 2082 1127 2146 eilberti
1137 2083 1255 2167 fratris
1270 2082 1335 2146 mei
1347 2101 1388 2146 cc
1400 2083 1506 2161 Gyaro

299 2211 366 2253 mee
381 2187 509 2253 Sororis
532 2188 580 2270 pie
597 2186 824 2250 recordacionis
841 2186 915 2251 duas
932 2189 1036 2252 vineas
1053 2190 1083 2251 in
1100 2188 1284 2272 Nounburga
1302 2191 1446 2270 contigue
1465 2208 1503 2250 se

262 2324 265 2331 ·
299 2296 463 2368 babentes,
497 2301 528 2358 et
554 2297 586 2357 in
613 2301 730 2367 monte,
761 2296 812 2378 qui
840 2295 954 2361 dicitur
985 2297 1152 2379 vulgariter
1177 2297 1504 2383 Mokcheraroerperp

300 2404 428 2469 situation
442 2404 525 2484 juxta
543 2402 702 2485 [tostinum
714 2402 875 2483 jacentes,
900 2424 1024 2488 quarum
1048 2425 1104 2467 vna
1121 2404 1229 2469 dicitur
1248 2406 1377 2475 lislam,
1402 2402 1504 2467 altera

300 2531 373 2575 vero
401 2513 496 2575 vinea
522 2511 669 2596 Npcolcp
696 2512 855 2597 quondam
877 2512 1013 2577 Pleborri
1034 2513 1076 2578 de
1091 2513 1218 2597 llofls'no
1242 2532 1279 2576 ex
1294 2532 1346 2582 eo,
1363 2509 1443 2595 quod
1463 2509 1504 2573 ab

299 2617 406 2683 eodem
423 2620 523 2684 luerat
539 2626 727 2703 comparata,
753 2639 828 2703 quas
847 2619 885 2683 de
901 2619 1097 2685 hereditariis
1121 2640 1157 2685 ae
1173 2619 1397 2687 industrialibus
1413 2618 1506 2683 bonis

298 2729 372 2791 meis
391 2728 576 2812 comparavi,
593 2726 689 2792 libere
706 2726 830 2800 donavi,
848 2728 918 2793 dedi
942 2736 972 2793 et
987 2730 1097 2793 tradidi
1121 2730 1265 2795 Ecclesie
1287 2750 1328 2795 ao
1350 2731 1502 2795 casamo

296 2835 410 2900 Sancti
434 2835 562 2901 Andree
588 2836 735 2921 Apostoli
771 2836 860 2901 circa
898 2836 1099 2920 Truysmom,
1141 2837 1228 2921 quasi
1266 2837 1296 2899 in
1335 2835 1438 2899 dotem
1469 2842 1503 2899 et

294 2941 460 3006 remedium
476 2943 690 3026 sempiternum
708 2949 856 3026 perpetuo
879 2942 1079 3027 possidendas
1095 2979 1139 2992 -
1154 2944 1224 3027 lpse
1240 2942 1335 3008 eciam
1353 2943 1498 3007 dominus

297 3049 472 3133 Propositus
495 3068 531 3113 ac
565 3049 682 3113 Domini
712 3050 759 3113 sui
790 3050 963 3115 Conventus
993 3051 1139 3115 seniores
1173 3051 1321 3116 culturam
1346 3050 1500 3115 dictarum

296 3159 448 3223 vinearum
464 3159 652 3242 procuratori
670 3178 724 3222 suo
736 3159 786 3222 nni
804 3159 843 3222 de
859 3156 1015 3222 Conventa
1031 3164 1083 3223 aut
1098 3159 1186 3223 alteri
1203 3157 1262 3222 sibi
1277 3157 1435 3229 familiari,
1459 3155 1501 3222 de

296 3288 354 3351 quo
380 3266 457 3331 bona
492 3265 641 3331 habeatur
668 3266 796 3339 fiducia,
834 3287 956 3352 semper
990 3268 1155 3331 comittant.
1181 3267 1218 3332 lit
1241 3273 1310 3352 post
1325 3266 1500 3331 Colleccio-

297 3395 363 3441 nem
381 3377 439 3438 vini
457 3375 536 3438 idem
553 3376 652 3440 cultor
674 3376 858 3460 impensam,
891 3396 979 3460 quam
995 3376 1157 3459 impendit,
1184 3376 1225 3441 de
1248 3376 1451 3460 permissione
1468 3379 1501 3438 et

295 3482 448 3548 voluntate
465 3483 542 3547 bona
559 3487 619 3546 tam
636 3484 803 3567 prepositi,
828 3502 915 3567 quam
934 3482 1107 3547 Conventus
1131 3489 1267 3567 tempore
1292 3487 1442 3567 oportuno
1459 3481 1502 3545 de

296 3591 384 3663 vino,
410 3590 490 3676 quod
507 3590 545 3654 de
562 3590 659 3654 vineis
676 3593 827 3674 provenit,
843 3590 971 3671 singulis
990 3591 1074 3654 annis
1090 3591 1280 3673 integraliter
1294 3609 1330 3654 ac
1346 3588 1501 3672 complete

300 3718 456 3763 resumere
480 3698 586 3771 debet,
619 3705 652 3762 ut
674 3718 711 3763 eo
735 3697 854 3763 lucilius
877 3698 914 3762 sd
936 3698 1128 3764 succedentis
1146 3699 1214 3761 anni
1231 3700 1313 3763 circa
1330 3698 1499 3782 premissas

301 3809 406 3871 vineas
428 3807 573 3871 culturam
596 3805 739 3869 sulficere
761 3806 867 3889 possit.
894 3806 939 3870 De
957 3805 1089 3870 residuis
1105 3825 1177 3869 vero
1195 3805 1344 3870 fructibus
1359 3806 1438 3878 viai,
1462 3805 1500 3869 Si

302 3915 355 3998 qui
372 3916 500 3987 luerint,
525 3935 561 3979 sc
586 3934 652 3978 eum
675 3914 750 3998 ipsis
765 3915 862 3977 vineis
880 3914 1017 3977 dominus
1032 3915 1207 3998 Propositus
1223 3933 1296 3978 suus
1312 3920 1344 3977 et
1358 3912 1499 3977 Conven-

295 4029 345 4086 tus
358 4022 457 4087 studio
475 4022 626 4105 diligenti,
644 4026 676 4086 ut
689 4043 755 4086 cum
773 4023 839 4087 aliis
857 4023 902 4086 sui
920 4024 1095 4087 monasterii
1112 4022 1200 4087 bouis
1215 4042 1300 4086 suum
1316 4022 1499 4107 proiectum,

296 4130 460 4195 Comodum
484 4136 515 4194 et
538 4131 681 4195 bonorem
698 4134 849 4214 perpetuo
873 4129 1042 4195 liberaliter
1056 4133 1236 4215 procurent,
1261 4129 1391 4205 iaciant,
1415 4128 1501 4194 ordi-

298 4245 381 4311 nent,
398 4245 430 4304 ut
447 4240 505 4303 sibi
522 4239 689 4310 salubrius,
707 4240 805 4303 tucius
823 4244 857 4303 et
874 4238 976 4302 utilius
992 4239 1136 4322 expedire
1151 4236 1300 4302 videatur.
1324 4236 1364 4301 lit
1380 4241 1412 4301 ut
1427 4258 1499 4322 pre·

299 4367 371 4411 sens
388 4346 533 4431 scriptum
550 4368 603 4411 seu
621 4345 746 4410 donacio
764 4344 938 4430 supradicta
954 4350 1102 4429 perpetuo
1119 4344 1242 4426 majoris
1259 4342 1352 4408 robur
1364 4343 1499 4408 obtineat
1596 4421 1597 4426 γ

298 4454 457 4527 llrmitatis,
475 4473 513 4516 ne
525 4454 555 4516 in
572 4457 726 4537 posterum
744 4472 781 4516 ex
797 4451 957 4525 oblivione,
975 4454 1132 4536 questione
1145 4451 1192 4516 vel
1206 4452 1373 4535 calumpnia
1389 4452 1500 4536 inpug·
1596 4455 1597 4478 ¹

298 4571 401 4636 netur,
434 4568 485 4626 aut
508 4561 735 4646 quomodolibet
757 4561 946 4646 dispendium
970 4563 1125 4645 paciatur,
1149 4563 1178 4624 in
1195 4560 1414 4624 Testimonium
1430 4561 1499 4624 evi·
1595 4647 1596 4658 ἵ

295 4671 371 4735 dens
400 4676 431 4736 et
464 4671 612 4735 cautelam
644 4669 715 4735 dedi
741 4680 901 4755 presentes
929 4671 1060 4742 litteras,
1089 4671 1147 4735 mei
1175 4669 1277 4753 Sigilli
1311 4671 1498 4755 appensione
1595 4667 1596 4728 l
