3242 5350
1285 499 1336 571 29

675 709 797 780 XXXV.

135 824 243 897 Dtcpcld
260 841 315 879 corr
326 825 439 882 Badera
460 832 602 884 meare
612 830 666 884 den
682 830 817 903 Verlrnrrf
824 829 932 898 cimices·
949 828 1061 885 Wicren
1080 830 1124 885 len·
1136 830 1344 903 Hodworstorf

244 932 282 969 on
294 916 349 971 dor
363 917 445 990 sein
458 918 530 974 send
542 921 697 975 versichtet
708 919 768 990 anf
774 919 875 990 fiuther
886 919 1084 976 corbeltoltcnc
1097 921 1211 976 Reclcte.

497 1011 557 1064 nrt
577 1012 709 1065 Ktostern·
728 1012 772 1066 29.
784 1012 845 1065 lan.
864 1012 937 1066 1282
948 1009 986 1082 ¹).

212 1098 274 1182 Ego
290 1101 497 1188 Dyeprolrlue
512 1104 553 1169 de
567 1104 685 1168 Pedem
701 1106 746 1169 od
761 1105 899 1167 noticiam
916 1104 1107 1188 presencium
1125 1111 1155 1168 et
1170 1105 1336 1169 futurorum

135 1209 210 1291 cupio
224 1210 401 1292 pervenire,
413 1212 517 1294 quod,
532 1233 600 1276 cum
611 1234 735 1299 pascue
751 1214 884 1300 quedam
900 1213 1048 1277 videlicet
1055 1220 1157 1299 proto
1168 1214 1232 1278 reo
1248 1214 1336 1279 circo

133 1316 349 1402 hedmerederf
364 1319 403 1381 io
420 1321 499 1386 loco
520 1320 576 1407 qui
595 1321 713 1385 dicitur
732 1320 893 1385 cwioclwn
910 1342 1036 1408 perspcn
1052 1321 1142 1385 michi
1158 1321 1237 1384 iusto
1260 1342 1334 1406 pro·

134 1425 255 1508 prietatis
268 1424 355 1488 titulo
371 1428 548 1491 attinencia
558 1429 621 1492 dno
632 1428 741 1493 Ottoni
751 1429 908 1515 pecodem
918 1430 1185 1516 Nemalorpeneis
1193 1432 1338 1495 Eccleeic

136 1534 296 1598 Cellernrn'c
314 1533 354 1596 de
373 1535 463 1598 hona
476 1537 628 1599 voluntate
641 1536 759 1601 domine
778 1536 1003 1623 Chunepundr'e
1018 1538 1132 1601 uxoria
1147 1559 1215 1601 mcc
1232 1539 1338 1623 ctfile‘e

135 1662 192 1704 mcc
205 1642 436 1726 lleyclelrorrlia
455 1664 493 1708 ac
511 1645 634 1707 eliorum
652 1644 795 1708 heredum
815 1664 948 1707 meorum
964 1664 1019 1727 pro
1037 1665 1090 1708 sex
1105 1645 1226 1707 talentis
1244 1644 1337 1708 dena-

30 1776 31 1783 *
134 1749 231 1811 riorum
246 1751 484 1815 wiennensium
501 1751 704 1815 vendidissent
731 1771 797 1815 cum
816 1752 953 1814 omnihus
970 1752 1034 1815 suis
1050 1752 1166 1816 iuribus
1189 1760 1335 1838 perpetuo

134 1857 317 1939 possidenda,
328 1868 474 1926 vectura
486 1862 675 1926 eodemmodo
687 1861 793 1927 decem
805 1866 838 1924 ct
853 1868 921 1925 octo
934 1883 1084 1927 camum
1095 1864 1192 1925 cernel
1205 1863 1240 1926 in
1252 1883 1337 1926 enno

132 1967 227 2046 senum
239 1988 304 2052 per
319 1971 425 2034 voires
441 1977 531 2035 roste
546 1970 630 2034 olom
646 1969 833 2033 ducencium
847 1969 947 2034 michi
960 1970 1146 2057 specialiter
1161 1978 1336 2046 reservato,

133 2072 189 2155 ipse
204 2074 343 2139 dominus
363 2077 444 2141 Otto
463 2078 502 2141 de
518 2077 647 2140 denariis
657 2076 801 2159 predictis
818 2076 876 2141 duo
893 2076 1003 2140 talenta
1020 2077 1224 2141 tantummodo
1240 2078 1333 2142 michi

135 2181 216 2254 dedit,
233 2189 264 2246 et
279 2186 349 2269 quia
371 2184 418 2248 de
435 2184 591 2248 solucione
614 2186 806 2250 residuorum
827 2186 1029 2256 denariorum,
1053 2183 1195 2251 videlicet
1210 2192 1337 2269 quatuor

30 2362 31 2365 Ἴ
135 2290 314 2364 talentorum,
332 2312 442 2375 usque
460 2291 497 2355 ad
514 2294 750 2357 transactionem
774 2297 842 2357 octo
865 2313 1008 2357 annorum
1029 2314 1086 2358 uon
1104 2294 1145 2357 rui
1168 2294 1337 2378 aliqualiter

136 2400 292 2480 expeditus,
306 2421 359 2464 me
379 2400 422 2464 de
436 2402 582 2484 predictis
598 2403 719 2486 pascuis
736 2403 936 2465 intromittere
953 2400 1133 2483 cogitabam,
1152 2401 1231 2485 quod
1247 2400 1338 2465 intel·

99 2592 104 2599 .
134 2506 222 2587 ligcns
243 2510 403 2573 dominere
427 2509 512 2574 Pado
535 2511 728 2576 venerahilis
749 2509 1016 2596 Nercnhorpenem
1033 2510 1220 2596 prepositus
1244 2516 1274 2573 ct
1299 2507 1335 2572 ad

135 2634 208 2679 suam
230 2619 437 2700 presenciam
460 2638 508 2681 me
529 2625 634 2684 vocato
650 2638 706 2703 per
728 2617 977 2682 arhitraccionem
1000 2615 1187 2699 ydoneorum
1207 2618 1337 2681 virorum

134 2722 186 2788 tale
197 2725 276 2789 inter
293 2729 404 2811 ipsum
421 2733 451 2790 et
464 2747 512 2791 mc
528 2728 657 2792 inedium
671 2731 718 2790 est
732 2729 885 2791 inventurn
897 2732 929 2790 rt
941 2746 995 2811 pro
1012 2726 1167 2791 solucione
1188 2728 1338 2792 antedicta

137 2832 274 2914 neglecta
287 2856 387 2898 vnum
401 2834 545 2900 talentum
559 2836 748 2901 denariorum
763 2838 964 2918 acceptorem,
977 2833 1117 2921 quodque
1129 2856 1184 2920 pro
1196 2836 1340 2920 redemp-

136 2941 214 3005 cione
229 2948 367 3006 recture
379 2943 498 3027 pretate
514 2944 569 3007 tria
582 2944 694 3008 talenta
709 2944 899 3008 denariorum
913 2944 1043 3008 finaliter
1057 2943 1150 3008 michi
1166 2944 1263 3017 daret,
1279 2944 1339 3008 iilia

138 3066 251 3134 qunque
269 3070 343 3114 mea
358 3052 581 3137 Reyclrlrordie
593 3052 710 3136 prelata
726 3053 882 3133 sexaginta
894 3053 1033 3116 denarios
1046 3051 1164 3138 recepit
1176 3053 1207 3116 in
1220 3053 1338 3134 signum

136 3160 384 3222 renunciaeionis
400 3160 499 3225 tocius
515 3161 589 3234 iuris
608 3159 667 3223 sihi
684 3162 713 3221 in
731 3158 877 3242 predictis
900 3167 1022 3224 vectura
1040 3166 1071 3222 et
1085 3162 1207 3245 pascuis
1225 3180 1339 3244 conpe-

136 3267 238 3328 tentis.
261 3266 295 3330 ln
312 3266 407 3330 rohur
423 3268 518 3332 eciam
540 3268 725 3332 vendicionis
749 3267 917 3332 huiusmodi
933 3288 981 3331 me
997 3288 1063 3333 cum
1080 3269 1139 3332 lilia
1161 3289 1237 3352 sepe
1259 3268 1339 3332 dicta

137 3375 288 3438 constituo
305 3373 654 3458 defensores-legitimos
675 3380 843 3448 ettutores,
861 3381 892 3439 et
908 3376 1120 3440 nichilominus
1142 3377 1179 3440 ad
1197 3377 1338 3440 maiorem

139 3483 287 3545 cautelam
313 3488 345 3546 et
367 3482 539 3547 firmitatem
562 3484 692 3548 omnium
719 3486 936 3568 premissorum
960 3491 1132 3568 presentem
1156 3483 1284 3557 literam,
1302 3506 1340 3548 en

140 3591 218 3672 quod
248 3590 353 3672 sigillo
381 3593 504 3674 proprio
527 3612 662 3665 caream,
685 3592 795 3673 sigillis
824 3593 957 3656 virorum
981 3591 1123 3656 nobilium
1153 3591 1339 3656 dominorum

143 3700 176 3763 0.
191 3701 231 3763 de
243 3698 394 3777 hoelmoe,
412 3701 526 3766 iudicis
537 3701 749 3787 provincialis
760 3700 898 3772 Austric,
910 3701 950 3764 Η.
967 3700 1008 3764 de
1026 3700 1185 3765 hennoeld
1199 3708 1231 3766 et
1241 3703 1281 3766 Η.
1299 3703 1340 3767 de

142 3806 340 3872 Selenuntes
356 3808 516 3889 procurari
533 3809 639 3872 muniri
652 3806 778 3873 testibus
791 3808 868 3870 intra
882 3808 1015 3891 scriptis,
1029 3808 1080 3890 qui
1093 3819 1161 3871 sunt
1172 3810 1339 3896 lludpemm

144 3917 290 4001 officialis
306 3917 346 3980 de
365 3916 543 4001 Telendors,
559 3918 708 4004 Mpopntn
724 3917 826 3981 iudeo:
841 3917 881 3980 de
895 3917 1079 3999 Potcndorf,
1095 3916 1284 3982 lllchordue
1299 3919 1340 3982 dc

148 4023 383 4107 Woltlrcradors.
399 4024 566 4111 lludpcmm
581 4028 700 4113 vopler,
712 4024 921 4090 Ederlenrdua
936 4025 1091 4110 officialis
1100 4026 1142 4089 de
1152 4028 1339 4110 Pfosrdctcn,

147 4132 324 4219 leopoldus
347 4132 550 4215 helodorfcr,
573 4133 741 4203 ludentem,
766 4133 908 4217 Ortolsue
935 4134 1125 4205 decimator,
1150 4133 1222 4199 Otto
1239 4135 1339 4198 iudex

147 4239 184 4302 de
203 4240 459 4311 Drceclrirchcn,
484 4242 629 4306 domines
650 4241 835 4305 Fridcricue
857 4241 998 4310 chrlc
1024 4242 1131 4314 milen.
1158 4242 1341 4329 pclhcrdue

147 4348 335 4423 nnt.,.0rtilo
351 4348 393 4412 dc
404 4350 586 4433 chndors
595 4358 626 4412 et
642 4350 691 4412 alii
708 4349 826 4433 plurimi
843 4348 903 4411 lide
916 4348 1010 4431 digni.
1023 4349 1128 4413 Datum
1140 4350 1341 4433 Nerenburqc

148 4475 219 4518 anno
237 4456 355 4520 Domini
373 4455 794 4543 M⁰cc·hxxxvl1⁰.quart0
812 4456 878 4520 Kal.
896 4457 1063 4521 Februarii.

704 4585 707 4588 ·
796 4562 855 4614 orig.
871 4564 933 4614 rerg.
948 4563 1031 4614 liepert.
1046 4563 1091 4603 Vct.
1106 4564 1142 4603 Νι.
1155 4562 1173 4610 l,
1188 4564 1226 4603 rot.
1237 4563 1285 4603 ²⁸³.

184 4687 210 4758 ¹)
229 4689 273 4745 Bai
291 4690 403 4748 Fischer
422 4690 627 4762 unrollettndig.
