3242 5350
305 475 354 545 36

303 651 374 725 ciis,
396 670 454 735 que
470 650 626 715 obstinatis
650 656 680 714 et
696 651 937 716 inobedientibus
953 652 1021 713 sunt
1040 647 1200 713 secundum
1216 649 1350 731 rigorem
1373 648 1483 735 regule

303 761 453 823 institute.
479 759 648 836 inhibemus
670 759 765 823 eciam
788 766 819 825 et
840 759 895 824 sub
918 779 993 844 pena
1018 758 1332 822 excommunicacionis
1356 758 1484 822 lirmiter

303 868 435 933 volumus
452 868 624 941 observari,
647 873 679 930 ut
695 869 792 932 nullus
809 868 848 932 de
860 875 961 933 cetero
982 869 1189 933 canonicorum
1205 876 1372 932 nostrorum
1394 868 1483 931 alteri

303 979 389 1042 fratri
405 979 514 1041 crimen
532 975 664 1041 obiicere
686 976 733 1041 vel
749 977 954 1062 improperare
976 975 1084 1041 debeat
1105 979 1264 1042 manifeste
1280 977 1334 1041 sed
1356 978 1383 1040 si
1405 977 1486 1041 alter

303 1089 342 1152 de
355 1088 414 1152 boc
431 1087 553 1151 crimine
574 1088 604 1149 in
621 1087 745 1150 veritate
761 1087 942 1158 constiterit,
959 1085 1011 1149 ille
1026 1087 1057 1148 in
1074 1090 1174 1150 nostra
1191 1107 1226 1150 ac
1248 1086 1370 1170 capituli
1386 1087 1484 1151 tocius

303 1196 461 1282 presencia
477 1194 656 1259 fiducialiter
672 1196 849 1267 manifestet,
864 1216 900 1260 ae
916 1216 951 1260 se
965 1194 1078 1258 ibidem
1089 1193 1174 1271 illud,
1189 1196 1269 1278 quud
1282 1196 1364 1266 dicit,
1376 1197 1485 1261 efferat

304 1307 505 1392 probaturum,
518 1304 595 1390 quod
613 1305 712 1367 sinon
728 1306 837 1369 lecerit
852 1310 884 1369 ‘et
895 1305 925 1368 in
941 1303 1123 1389 probacione
1139 1302 1295 1378 defecerit,
1310 1306 1487 1369 eriminato-

303 1417 346 1479 ris
369 1415 522 1479 sentencia
546 1414 699 1498 puniatur,
723 1419 754 1477 et
777 1414 874 1487 illum,
898 1435 984 1499 quem
1000 1414 1220 1483 diffamaverat,
1245 1433 1297 1477 suo
1318 1415 1486 1478 iuramento

306 1530 442 1588 teneatur
458 1542 556 1588 coram
572 1522 713 1586 iratribus
737 1522 947 1587 nichilominus
963 1543 1139 1608 expurgare.
1165 1523 1272 1586 Datum
1288 1529 1319 1587 et
1334 1530 1432 1587 actum
1455 1526 1487 1587 in

306 1633 434 1718 capitulo
470 1630 709 1713 Nemnburgensi
739 1633 823 1696 buno
853 1632 962 1695 domini
991 1629 1264 1697 M⁰CC⁰LXXXIX⁰
1293 1632 1486 1716 presentibus

305 1744 457 1809 canonicis
480 1743 554 1804 infra
572 1743 702 1825 scriptis.
728 1742 783 1823 Qui
805 1746 875 1804 sunt.
895 1742 935 1806 D.
952 1741 1163 1828 Hiltprcndus
1186 1743 1333 1818 decanus,
1359 1742 1430 1806 Otto
1446 1742 1488 1806 dc

305 1855 479 1939 Arnaperp‚
494 1851 711 1927 Mcicbardua
729 1851 799 1915 ouo
823 1851 863 1915 dc
874 1850 1085 1938 prunsperob
1103 1852 1203 1938 Hupo,
1227 1852 1370 1915 tilbertus
1385 1858 1490 1916 mestos

305 1963 511 2037 dominarum,
525 1962 705 2025 Hadmaruo
720 1960 822 2025 dictus
838 1960 955 2031 asinus,
972 1959 1142 2024 Heinricua
1159 1960 1200 2024 de
1212 1962 1326 2047 pycta,
1346 1961 1488 2044 Ortolfus

306 2072 408 2137 dimus
422 2071 562 2158 prcutel,
585 2069 740 2133 Dittrious
762 2070 917 2154 plebanus
938 2069 1042 2133 suncti
1063 2068 1211 2140 Martini,
1242 2070 1380 2152 Ortolfua
1403 2069 1492 2153 filius

311 2155 507 2263 Weyolorllt
523 2178 673 2262 Wpsentm
683 2177 800 2241 Paulus
812 2176 1046 2263 bospitclensis,
1055 2177 1219 2261 lludpcrus
1229 2178 1491 2263 mcpisterrefec-

304 2289 388 2364 lorii,
400 2287 575 2352 Herlwicus
586 2293 698 2362 mutos,
712 2284 917 2350 Pcrcbtoblus
932 2286 1081 2372 mupislm
1096 2286 1278 2370 infirmarie.
1295 2285 1489 2372 Stephanus,

305 2397 458 2484 Mupioter
468 2395 638 2468 lebannes,
650 2394 794 2467 Jocodua,
806 2394 975 2460 Heinrimca
987 2395 1027 2458 de
1037 2394 1159 2466 booselr,
1173 2395 1244 2460 ouo
1255 2394 1296 2458 de
1306 2396 1401 2465 leubs.
1414 2395 1492 2459 ber·

304 2505 429 2577 bardus,
442 2505 590 2576 Karalus,
602 2505 715 2570 dlbcro
728 2506 768 2570 de
780 2505 930 2589 Gebnepc,
942 2505 1055 2569 Albero
1071 2503 1111 2567 dc
1125 2503 1325 2569 Sibcnloirlen
1341 2505 1497 2569 sucerdo-

304 2622 360 2686 tca
381 2615 452 2679 oco
464 2615 658 2702 pedepopua,
674 2614 856 2703 Stephanus
871 2615 911 2679 de
922 2613 1122 2698 Sicdendorf,
1134 2612 1341 2679 Pcrcbtoldua
1357 2614 1397 2679 de
1408 2614 1492 2687 Aen,

305 2724 509 2790 Eberharduo
525 2724 662 2789 diaconi.

360 2849 714 2902 ortg.nerg.(nep.v2eur.1.
735 2849 771 2889 tol.
786 2848 834 2905 85.)
848 2848 923 2889 l’rba's
937 2848 976 2888 nd
991 2850 1027 2888 das
1048 2847 1220 2899 copiosissimi
1233 2859 1257 2886 u
1273 2845 1338 2887 tinem
1352 2848 1495 2900 eergo-em-

307 2923 398 2964 streilen.
413 2924 456 2962 Der
470 2923 546 2972 eropus
560 2921 636 2973 stegen
650 2923 704 2961 roth.

376 3026 428 3078 Der
438 3021 636 3076 rorkommende
646 3023 769 3077 Albertus
779 3027 870 3078 eustos
878 3023 1037 3078 dominarum
1047 3023 1081 3077 ist
1091 3021 1140 3076 der
1149 3023 1243 3078 allecte
1252 3022 1496 3077 bekanntclliblio·

308 3116 409 3178 thobar,
420 3115 467 3168 der
475 3112 724 3188 diellandsehrilten
733 3113 1316 3185 butuntsgnlbertusSaxouoflunoldespercn
1324 3114 1383 3167 bald
1391 3114 1497 3169 wieder

307 3208 345 3260 uls
358 3208 480 3261 tilbertus
493 3207 561 3259 Saxo
575 3203 670 3259 Custos
681 3205 805 3258 librorum
819 3208 846 3259 et
859 3205 1017 3259 dominarum
1029 3205 1146 3276 siguirte.
1160 3205 1214 3258 llon
1228 3205 1279 3258 deo
1291 3204 1407 3259 anderen
1425 3224 1494 3260 vor-

308 3298 477 3352 lommenden
492 3295 657 3351 Cborberrcn
671 3296 823 3350 erscbeinen
842 3297 872 3357 4,
886 3296 1029 3349 lladmarus
1051 3295 1158 3359 Asinus,
1170 3296 1337 3357 bertholdus,
1351 3297 1498 3366 {ludgerus

308 3389 360 3444 und
376 3389 493 3460 Stephon
505 3387 702 3442 vcnSierodori
717 3387 855 3457 spnterals
870 3387 989 3458 Prdpsta,
1010 3387 1062 3440 und
1080 3389 1106 3450 2,
1126 3386 1274 3441 Jabobnnd
1289 3388 1434 3450 Eberhard,
1452 3390 1497 3442 als

309 3480 497 3535 Dscbontedea
506 3479 608 3533 Stiltes.
621 3467 908 3532 dbnlicbeBescbltrsse
922 3477 1004 3531 fasste
1017 3478 1084 3532 auch
1098 3477 1141 3532 dio
1154 3477 1260 3550 Synode
1273 3496 1322 3532 von
1335 3478 1375 3532 st.
1389 3479 1499 3533 Pollen.

844 3648 953 3720 XLlll.

311 3798 492 3859 'lbcodcricb
503 3796 625 3867 Biscbof
637 3812 691 3850 von
705 3794 826 3859 Olmatls,
844 3794 999 3868 diapenairt
1019 3794 1158 3859 Willeclrn,
1176 3795 1231 3850 den
1243 3794 1323 3850 Solen
1340 3796 1389 3851 des
1401 3796 1499 3870 Psar-

476 3905 541 3943 τετε
557 3886 695 3959 Reiebclf
705 3905 760 3942 von
778 3888 857 3951 Lau,
876 3905 932 3942 von
949 3887 1013 3942 dem
1030 3886 1155 3961 defectus
1173 3886 1322 3943 natalium.

694 4006 753 4059 nat.
772 4006 883 4061 blbdritz
902 4006 927 4060 ll.
940 4006 1009 4059 Mirr
1029 4005 1107 4061 1290.

403 4137 479 4224 Tb(
473 4134 659 4221 uodaricus)
677 4137 844 4224 episcopos
862 4137 1074 4203 olomucencis
1088 4136 1202 4202 diemo
1218 4137 1252 4200 in
1269 4136 1392 4200 Christo
1420 4137 1500 4202 Wil-

311 4250 411 4314 bclmo
426 4247 544 4313 carim
553 4248 619 4332 filio
632 4246 751 4310 domini
757 4247 901 4332 Rycloolfi
903 4245 1037 4334 plebani
1050 4245 1169 4310 deboc
1181 4243 1307 4308 salutem
1321 4246 1349 4309 in
1363 4245 1497 4310 domino.

311 4357 397 4422 Licet
413 4355 448 4420 ad
466 4355 725 4440 presentacionem
747 4355 907 4421 domicelli
921 4356 960 4419 dc
975 4356 1075 4440 Dyooe
1093 4356 1148 4442 qui
1162 4354 1401 4442 oopnominutur
1416 4355 1499 4442 pin-

312 4488 417 4538 cerna,
435 4485 509 4529 anno
526 4465 671 4548 preterito
694 4465 728 4529 in
744 4465 880 4531 ecclesio
894 4466 1011 4550 lipom,
1035 4465 1064 4526 in
1081 4482 1166 4547 quam
1184 4463 1265 4526 idem
1280 4464 1426 4548 pincerna
1449 4467 1499 4529 ius

311 4575 425 4640 obtinet
440 4578 620 4658 patronatus,
637 4580 667 4638 te
683 4579 835 4638 rectorem
848 4573 1062 4637 instituerimus
1079 4579 1109 4634 et
1124 4571 1297 4657 plebanum,
1315 4573 1383 4656 quia
1395 4579 1498 4636 tamen

312 4691 344 4749 ut
359 4684 557 4769 percepimus,
574 4682 775 4747 institucionis
792 4687 929 4765 tempore
946 4681 1098 4746 deiectum
1115 4680 1284 4765 paciebaris
1302 4680 1442 4745 natalium
1460 4705 1499 4749 ex
