3242 5350
825 766 977 838 LXXllll.

318 921 373 978 Die
389 920 591 996 comestiones
612 920 782 978 Viriloloren
798 921 952 992 deetdtiqen
969 920 1015 976 die
1033 920 1096 976 dem
1112 921 1232 994 Propete
1250 921 1379 977 Hadrum-
1402 921 1494 978 deivil-

761 1010 849 1082 liplen
872 1011 1050 1081 decennem

669 1138 728 1192 unt.
747 1137 787 1192 St
805 1137 912 1192 Audi-ee
929 1139 975 1192 28.
993 1137 1045 1192 nai
1064 1138 1143 1193 1301.

406 1265 467 1328 Nos
496 1266 694 1332 Christianus
723 1266 826 1331 Albos
852 1268 936 1333 Celle
961 1267 1163 1354 Angelorum,
1197 1266 1363 1334 dolardus
1392 1270 1495 1333 sancti

322 1371 446 1459 Ypoliti,
464 1374 622 1440 denotem
638 1375 881 1459 sonctiflorioni
890 1377 1103 1440 Eccleeierum
1118 1377 1278 1463 Prepoeiti
1291 1384 1323 1440 el
1340 1377 1493 1440 Gerlccus

316 1480 430 1546 inclite
449 1483 662 1548 Romanorum
687 1484 808 1571 depine
834 1485 1025 1570 Capellonue
1048 1483 1298 1570 inquisitorem
1317 1485 1497 1549 visitatores

316 1611 332 1651 e
348 1589 514 1653 reverendo
533 1597 619 1674 patre
635 1598 665 1655 et
679 1592 797 1656 domino
812 1597 916 1655 nostro
933 1592 1142 1674 Wernhardo,
1159 1591 1325 1656 pataviensi
1346 1591 1496 1676 Episcopo

316 1696 356 1759 ed
376 1717 478 1760 omnes
500 1698 654 1763 Ecclesios
675 1704 847 1765 sanctorum
870 1700 1023 1765 Benedicti
1051 1703 1082 1764 et
1103 1702 1259 1782 Augustini
1281 1700 1417 1763 ordinum
1439 1698 1496 1762 sibi

316 1803 468 1869 subiectos
491 1812 521 1868 et
544 1805 621 1870 inire
645 1809 772 1871 dnnsum
795 1808 972 1872 conslitutas
999 1808 1030 1871 in
1051 1809 1209 1892 potestatis
1231 1828 1285 1873 sue
1312 1806 1496 1892 plenitudine

314 1912 455 1978 destinati
470 1915 500 1977 in
513 1913 570 1978 lriis
586 1916 706 1998 scriptis
723 1917 900 1981 auctoritate
912 1937 969 2001 qua
980 1918 1131 1999 fungimus
1146 1920 1361 2002 conficeremus
1373 1923 1406 1980 et
1417 1917 1494 1980 roti-

310 2024 439 2107 ficemus
453 2022 586 2088 Domino
602 2024 762 2089 Hodmoro
778 2025 934 2090 canentes
946 2025 1194 2112 Newndorpensi
1204 2026 1346 2112 dcpooito
1349 2045 1416 2111 per
1425 2046 1494 2090 oen·

313 2132 447 2196 termium
459 2153 480 2195 c
485 2133 690 2218 prepositura
700 2134 846 2218 predicte
860 2134 1121 2221 Neronlerpeneio
1132 2135 1273 2199 Eccleeie
1287 2156 1407 2198 mommo
1417 2155 1494 2220 pro·

315 2241 396 2304 dem
412 2246 442 2303 ei
451 2241 675 2325 provisionem,
692 2260 778 2325 quam
794 2240 897 2305 dilecti
913 2241 942 2305 in
959 2240 1078 2305 Christo
1096 2244 1202 2305 iratres
1230 2241 1338 2306 domini
1354 2244 1495 2306 Decanus

313 2356 344 2415 et
365 2347 535 2415 Conventus
561 2348 818 2431 Newoburgensis
841 2349 938 2412 eidem
966 2350 1006 2414 de
1031 2350 1151 2434 pietalis
1173 2371 1227 2415 sue
1248 2352 1350 2433 gracie
1362 2371 1420 2436 pro
1436 2350 1496 2414 rite

317 2478 371 2524 sue
394 2456 577 2543 temporibus
593 2462 827 2530 concesserunt,
851 2463 940 2542 prout
960 2458 990 2522 in
1012 2458 1109 2522 literis
1132 2479 1232 2524 eorum
1255 2461 1324 2525 inde
1347 2459 1496 2524 consectis

315 2566 426 2632 clarius
450 2567 560 2631 dicitur
581 2567 738 2639 contineri,
760 2567 934 2631 Statuenles
957 2574 988 2631 et
1011 2568 1199 2641 mandantes,
1219 2575 1251 2633 rt
1270 2569 1374 2632 endem
1391 2569 1495 2650 grecie

313 2684 344 2740 et
365 2677 495 2763 provisio
517 2674 576 2739 sibi
599 2673 812 2754 inviolabililer
835 2673 1041 2741 observentur.
1066 2679 1172 2743 Datum
1188 2680 1221 2743 in
1236 2685 1344 2744 coneto
1359 2679 1489 2743 dndree

319 2805 394 2848 enno
410 2784 528 2848 Domini
544 2782 679 2848 M·CCC⁰
693 2785 788 2869 primo
801 2783 955 2851 Dominice
970 2787 1096 2851 Domine
1110 2788 1141 2850 in
1157 2793 1216 2850 tue.

992 2940 1008 2977 E
1022 2936 1151 2977 chartulario
1167 2938 1250 2979 Atticini
1264 2938 1297 2978 ll.
1310 2938 1347 2978 iol.
1361 2940 1395 2980 ¹10.
1412 2951 1431 2978 a.

831 3106 994 3179 uxxvlu.

310 3259 419 3324 Addere,
433 3258 486 3316 Alc
499 3279 554 3315 oon
565 3260 717 3332 Mlienfeld
729 3261 867 3317 reservirt
879 3260 941 3316 dem
952 3261 1041 3334 Stifte
1054 3260 1294 3330 Klosterneoloro
1310 3261 1362 3317 des
1376 3260 1490 3317 cned-

461 3352 538 3406 reclrt
556 3349 603 3406 des
622 3370 677 3407 oon
693 3351 751 3407 tom
768 3349 919 3422 erkeoften
939 3351 1067 3406 crendes
1084 3369 1121 3405 eu
1131 3352 1344 3408 Dietricdetools.

720 3479 782 3532 Det.
806 3497 827 3532 s.
846 3478 865 3532 1.
883 3479 910 3532 4.
928 3477 978 3532 duli
999 3479 1078 3534 1301.

400 3607 461 3670 Nos
478 3609 583 3692 freter
609 3608 722 3671 Aldero
748 3607 853 3671 dictus
878 3606 982 3671 Adios
1005 3607 1038 3671 in
1067 3608 1322 3693 Cempoliliorrrm
1348 3613 1489 3692 totusque

313 3724 475 3779 conventus
489 3715 622 3779 eiusdem
638 3715 697 3778 loci
710 3718 849 3778 constare
861 3716 994 3797 cupimus
1007 3716 1152 3779 universis
1166 3721 1336 3799 presentem
1349 3716 1488 3800 paginam

311 3824 500 3907 inspecturis,
517 3822 596 3908 quod
612 3844 665 3886 uos
681 3823 915 3907 comparavimus
931 3825 1054 3889 leucum
1066 3824 1100 3888 in
1110 3824 1272 3890 Ditriedes
1283 3826 1394 3890 Stoclce
1406 3833 1485 3911 april

310 3934 479 3998 discretum
493 3933 594 3997 virum
608 3932 795 3997 Haimimem
809 3932 939 3996 militem
954 3932 993 3997 de
1008 3933 1239 3998 Steinensdord
1252 3936 1292 3998 de
1307 3957 1436 3999 assensu
1457 3943 1489 4000 et

310 4042 565 4105 benevolentem
587 4040 781 4104 dominemur
804 4041 844 4103 de
858 4040 1055 4127 Nerondurpo
1075 4041 1148 4105 Ord.
1165 4044 1260 4105 sancti
1275 4044 1449 4124 Augustini,
1472 4063 1488 4105 e

310 4147 419 4232 quibus
444 4148 598 4233 predictus
625 4148 710 4211 miles
733 4148 829 4232 ipsum
852 4149 968 4211 laneum
984 4148 1217 4235 Empditlreoei‚
1233 4149 1317 4235 qood
1336 4171 1393 4214 reos
1418 4151 1488 4215 iore

310 4257 398 4321 cicili
411 4257 553 4332 dicimus,
570 4256 746 4340 possederat
761 4255 851 4339 pleno
868 4257 942 4326 iure,
958 4256 1017 4319 hiis
1033 4265 1132 4320 tameo
1148 4257 1373 4323 condicionibus
1389 4259 1490 4342 aposi-

310 4366 349 4428 tis
365 4369 395 4427 et
411 4364 548 4438 adiectis,
569 4365 653 4452 qnod
670 4365 737 4453 ipsi
750 4365 870 4430 domini
890 4366 928 4428 de
943 4365 1141 4453 Newndurpo
1157 4373 1250 4429 erum
1270 4366 1348 4430 ioceti
1368 4374 1486 4431 tutores

310 4481 340 4537 ct
365 4471 580 4548 desldutorcs,
605 4474 688 4561 qnod
711 4474 886 4561 volporiter
910 4473 1017 4557 stilicr
1042 4474 1107 4538 ond
1119 4474 1230 4538 Storer
1245 4475 1376 4548 dicimo,
1401 4475 1487 4538 lanei

309 4583 496 4670 supradicti.
520 4581 581 4645 Nos
598 4602 669 4645 vero
682 4581 774 4646 nichil
792 4581 870 4646 eliud
886 4587 990 4666 preter
1006 4581 1175 4666 simplicem
1190 4602 1313 4647 censum
1329 4583 1360 4646 in
1381 4583 1484 4648 eodem

310 4688 395 4754 laneo
411 4699 589 4773 accepturos
605 4687 778 4773 profitemur
790 4689 854 4753 sive
870 4695 989 4755 acturos
1007 4711 1070 4762 nos.
1084 4691 1186 4756 herum
1203 4692 1371 4757 testimonio
1384 4690 1486 4756 litera-
