3242 5350
290 892 396 965 Propst
407 888 553 945 Rudwcin'
564 889 697 958 dewitlipt
708 889 771 943 dem
783 889 1028 945 aeuuatretcndm
1040 890 1165 963 Pfcrrer
1175 890 1290 946 satana
1303 906 1357 946 von
1369 883 1499 962 Hodein'

372 977 375 981 ’
493 981 549 1052 fdr
558 981 634 1035 seiae
646 980 811 1035 acoemeto
823 980 875 1053 das
888 979 1134 1047 Strusaenperiedt
1145 979 1275 1035 decollet.

613 1126 672 1178 nat.
691 1125 927 1195 uiosumeuuurg,
946 1093 975 1209 o,
992 1124 1052 1178 iuni
1071 1125 1151 1178 1342.

287 1276 289 1281 ’
378 1271 408 1334 ln
438 1271 557 1333 nomine
584 1270 713 1331 Domini.
737 1272 840 1332 Arnen,
865 1270 949 1331 Anno
974 1268 1136 1332 nativitatis
1159 1269 1296 1345 eiusdem
1319 1268 1482 1333 llillesimo

288 1364 517 1447 Trecentesimo
545 1377 631 1440 Xls¹¹¹⁰
657 1377 809 1450 secundo,
830 1381 925 1452 ,sexte
952 1377 1004 1439 die
1028 1379 1140 1440 mensis
1171 1376 1268 1448 lunii,
1294 1377 1482 1449 -lndiceione

287 1486 418 1558 decima·
431 1485 565 1565 Ecclesia
582 1485 712 1548 Romana
728 1489 855 1548 vacante
871 1484 932 1568 per'
943 1489 1067 1547 mortem
1084 1483 1233 1569 quondam
1249 1487 1432 1566 sanctissimi
1449 1486 1484 1548 in

287 1590 406 1667 Christo
422 1592 517 1675 patris
543 1591 662 1654 Domini
685 1593 839 1656 Benedicti
856 1592 937 1675 Pape
952 1589 1030 1654 Xll¹i
1057 1593 1089 1655 lu
1111 1594 1169 1683 mei
1186 1592 1302 1673 Notarii
1317 1592 1430 1674 publici
1448 1599 1482 1656 et
1524 1668 1525 1671 Ἴ

284 1698 417 1763 testium
435 1701 674 1783 subscriptorum
707 1700 866 1787 presencia
896 1698 1087 1764 Venerabilis
1119 1700 1261 1763 Dominus
1292 1700 1480 1773 Rudwinus,

284 1809 459 1889 Propositus
478 1809 650 1872 Monasterii
666 1807 925 1888 Newnburgensis
949 1807 1064 1882 ordinis
1085 1811 1181 1872 sancti
1205 1809 1364 1891 Augustini
1386 1808 1480 1896 Pata.-

283 1917 395 1980 niensis
412 1915 550 1979 Diocesis
566 1922 749 1999 protestatus
766 1917 836 1987 tuit,
861 1917 946 2002 quud
964 1916 1120 1981 Indicium
1143 1917 1177 1980 in
1196 1917 1318 1982 Stratis
1342 1916 1418 1981 Villo
1443 1917 1479 1981 in

283 2026 407 2109 Huflciu
424 2047 487 2089 uon
503 2025 549 2089 ad
560 2025 729 2111 plebanum
745 2025 889 2090 Ecclesia
904 2025 1034 2097 ibidem,
1059 2024 1144 2103 cuius
1166 2012 1212 2088 ius
1235 2025 1414 2094 Patronatus
1438 2024 1477 2088 ad

271 2131 379 2214 ipsum
397 2131 564 2194 dinoscitur
580 2133 749 2213 pertinere,
766 2132 825 2196 sed
839 2132 885 2195 ud
897 2132 999 2218 ipsum
1015 2115 1047 2195 et
1061 2133 1178 2196 dictum
1192 2133 1416 2216 monasterium
1435 2132 1479 2196 de

282 2239 352 2303 iure
365 2222 525 2324 pertineat
542 2244 572 2300 et
589 2237 687 2300 adhue
703 2239 859 2321 hueusque
876 2241 1069 2321 pertinuerit,
1087 2241 1225 2324 quodque
1242 2239 1320 2302 idem
1337 2241 1477 2303 dominus

272 2346 456 2429 Prepositus
473 2345 629 2408 inclinatus
648 2344 790 2428 precibus
804 2348 1008 2410 Discretorum
1018 2348 1165 2418 Virorum,
1180 2348 1328 2434 mapistm'
1336 2333 1476 2431 Nicolay

281 2455 420 2538 eiusdem
432 2455 466 2518 in
480 2454 615 2537 Hoplein.
634 2458 664 2514 et
680 2453 790 2516 domini
806 2454 964 2518 Jubunuia
979 2455 1180 2525 Purisiensis,
1199 2456 1353 2521 Oununici
1371 2456 1475 2539 frisa·

193 2564 194 2567 ’
280 2564 384 2627 zeusis
406 2563 492 2627 etin
513 2561 595 2647 lirip
610 2563 815 2626 euchaitarum
831 2563 1042 2648 plebanorum
1066 2563 1319 2645 Zalczpurgensis
1344 2563 1478 2643 diocesis

279 2670 480 2755 cupientium,
504 2669 627 2733 easdem
644 2668 797 2734 Ecclesias
814 2691 883 2733 suas
900 2669 937 2733 ad
954 2670 1083 2734 invicem
1098 2681 1286 2755 permutare,
1304 2670 1474 2754 etspecia·

161 2837 164 2843 .
277 2777 347 2840 liter
363 2776 400 2839 ob
417 2777 632 2840 Reverenciam
649 2776 875 2840 etPetieionem
903 2778 1072 2845 Reverendi
1100 2778 1210 2866 domini
1234 2778 1353 2841 Domini
1367 2780 1473 2848 Hein-

198 2936 200 2938 .
276 2885 347 2956 rici,
372 2889 484 2949 sancte
499 2885 759 2970 Sulezdurpeuais
775 2885 918 2950 Ecclesie
934 2867 1178 2973 Arcbiepiseopi
1198 2885 1321 2950 indulsit
1341 2872 1372 2949 et
1397 2905 1474 2948 con-

276 2993 371 3056 cessit
399 2993 436 3055 de
464 2993 658 3056 conniveneia
688 2999 719 3055 et
746 3013 873 3056 assensu
896 2994 1094 3056 Dominarum·
1114 2995 1162 3057 sui
1179 2989 1364 3066 Conventus,
1389 2993 1473 3078 quod

275 3100 425 3183 completa
443 3101 667 3184 permutacione
684 3102 762 3163 inter
778 3100 931 3183 predictos
948 3101 1124 3184 Magistrum
1141 3101 1296 3167 Nicolaum
1318 3102 1472 3184 etDomi·

274 3228 342 3271 num
359 3207 526 3271 iohannem
551 3207 749 3271 ecelesiarum
773 3207 977 3289 predictarum
999 3214 1030 3272 et
1046 3208 1167 3273 Domini
1186 3209 1329 3294 Episcopi
1347 3210 1471 3292 Dyoce·

274 3316 339 3378 sani
357 3314 594 3379 confirmacione
604 3321 635 3377 et
651 3315 845 3379 institucione
862 3316 1023 3381 subsecuta
1036 3316 1071 3379 ad
1086 3317 1217 3387 easdem,
1233 3315 1313 3406 idem
1326 3317 1471 3381 Dominus

272 3422 434 3487 Jobunnes
458 3422 575 3486 dictum
596 3421 748 3486 iudicium
772 3429 881 3486 tenere
903 3429 935 3486 et
954 3423 1072 3488 laudere
1085 3426 1188 3511 possit
1203 3424 1239 3487 ad
1256 3429 1391 3507 tempora
1406 3426 1471 3488 vite

273 3552 328 3595 sue
345 3530 505 3602 dumtaxat,
523 3551 558 3593 eo
575 3530 680 3600 modo,
701 3549 760 3612 quo
778 3531 876 3594 dictus
893 3531 1038 3611 magister
1053 3532 1195 3596 Nicolaus
1212 3534 1306 3616 ipsum
1324 3534 1420 3597 tenuit
1437 3539 1471 3597 et

272 3639 376 3702 habuit
392 3640 431 3703 de
447 3659 500 3701 sua
518 3643 548 3701 et
564 3637 757 3702 Dominarum
775 3638 850 3701 dicti
867 3638 1038 3704 Conventus
1055 3640 1101 3703 sui
1123 3640 1329 3705 benivolencia
1346 3645 1377 3705 et
1392 3661 1470 3704 con-

270 3748 410 3810 cessione
427 3746 562 3831 speciali.
587 3747 715 3829 lpseque
733 3747 877 3809 Dominus
892 3746 1069 3830 Prepositus
1087 3754 1118 3810 et
1134 3749 1245 3829 singuli
1270 3749 1317 3812 sui
1337 3769 1467 3812 succes·

269 3877 356 3919 sores
372 3863 442 3938 post
458 3861 581 3918 mertem
599 3861 629 3918 et
645 3855 757 3918 obitum
770 3854 843 3918 dicti
856 3855 974 3919 Domini
982 3856 1127 3920 lobannis
1139 3858 1286 3940 judicium
1304 3857 1468 3941 supradic-

268 3968 330 4025 tum
346 3962 495 4026 rehabere
512 3967 592 4026 etse
609 3963 648 4026 de
665 3982 701 4025 eo
716 3962 918 4026 intromittere
934 3970 1076 4045 possunt,
1098 3973 1128 4028 et
1145 3964 1223 4047 quud
1239 3963 1377 4047 plebanis
1401 3964 1466 4028 ibi·

268 4071 385 4134 demin
402 4071 587 4154 llutlein,qni
605 4090 657 4156 pro
675 4076 811 4154 tempore
828 4072 965 4145 erunt,iu
982 4072 1063 4137 dieto
1075 4072 1190 4153 judicio
1207 4073 1300 4136 nichil
1316 4072 1373 4136 sibi
1383 4073 1466 4157 juris

267 4179 371 4242 dicere
388 4183 542 4263 poterunt,
568 4187 618 4242 aut
635 4171 861 4262 quomodolibet
878 4201 1033 4264 usurpare.
1065 4182 1096 4243 ln
1114 4201 1239 4264 quorum
1256 4181 1465 4244 testimonium

268 4286 400 4351 Discreti
417 4286 494 4358 Viri,
519 4288 663 4352 Dominus
688 4291 853 4358 Comedus
867 4292 974 4357 suncti
986 4292 1128 4361 Andrec,
1153 4296 1185 4354 et
1199 4290 1350 4376 mapabter
1364 4290 1465 4355 Nico·

266 4397 336 4460 laus
351 4396 436 4461 dicte
448 4397 482 4460 in
493 4397 618 4479 Hoflein
640 4400 847 4466 eeclesiarum
858 4401 994 4489 plebani
1008 4420 1061 4464 sua
1077 4397 1177 4480 sigilla
1194 4400 1330 4481 presenti
1348 4398 1467 4462 instru-

265 4508 364 4566 mento
382 4503 600 4585 appenderunt.
626 4503 689 4568 Nos
706 4527 825 4591 quoque
841 4507 995 4572 Conradus
1011 4508 1108 4570 sancti
1125 4506 1246 4569 Andree
1271 4511 1301 4569 et
1316 4505 1464 4571 Nicolaus

264 4610 295 4673 in
312 4611 428 4676 llutleiu
452 4610 648 4676 eeclesiarum
673 4612 795 4696 plebani
819 4615 856 4678 ad
879 4615 1065 4679 evideueiam
1082 4619 1113 4678 et
1128 4612 1276 4678 cautelam
1292 4613 1463 4697 pleniorem
