3242 5350
304 487 381 560 460

302 666 390 728 sitnm
409 670 439 728 et
454 682 539 727 suum
554 663 767 728 blonaslerium
784 665 875 727 movit
890 662 1034 728 hactenns
1051 670 1081 727 et
1096 665 1237 745 protunc
1252 660 1406 732 movebat,
1423 681 1480 725 seu

301 793 421 837 movere
452 771 626 838 intendebat
651 776 680 836 in
708 772 836 837 Romana
860 769 950 835 Curia
972 778 1002 835 et
1025 777 1108 836 extra
1132 772 1170 836 de
1186 775 1218 834 et
1232 792 1328 857 snper
1344 770 1479 857 qnodom

300 906 404 949 annno
419 906 515 951 censu
529 885 617 950 dludi
631 892 662 950 et
673 885 881 973 pecuniarum
893 884 934 948 de
944 884 1079 971 quonlam
1091 883 1180 948 caria
1195 883 1258 948 cito
1273 883 1307 946 in
1323 882 1478 969 Pirpaum

301 995 386 1078 infru
398 993 586 1080 parochiam
602 994 795 1059 antedictam
811 995 845 1058 ia
862 993 1106 1077 Camentendors
1120 992 1264 1058 hactenus
1286 991 1402 1057 diucius
1419 1010 1478 1054 non

299 1102 406 1175 soluto,
428 1102 508 1167 bladi
530 1102 668 1167 videlicet
689 1101 791 1165 llllllll
808 1107 950 1166 metretas
966 1103 1119 1187 utriusque
1134 1102 1221 1184 grani
1236 1101 1363 1184 pecunie
1379 1105 1480 1163 autem

300 1231 409 1276 census
430 1212 507 1275 XXX
524 1212 592 1276 den.
610 1211 736 1295 dampno
764 1231 835 1276 vero
863 1232 1057 1295 expensarum
1086 1217 1116 1275 et
1142 1212 1290 1275 interesse
1316 1209 1479 1276 occasione

300 1340 407 1386 census
417 1342 474 1385 non
487 1320 577 1387 soluti
590 1340 803 1405 perpensorum
818 1326 848 1384 et
859 1319 1024 1386 babilorum
1033 1320 1088 1385 sub
1101 1341 1177 1405 pena
1189 1322 1313 1385 inferius
1322 1338 1478 1404 expressa,

297 1428 329 1492 ln
351 1428 543 1495 honorabiles
567 1431 647 1493 viros
681 1434 711 1494 et
744 1428 819 1493 dnos
846 1430 1021 1495 Jolrnanem
1052 1431 1091 1495 de
1117 1429 1222 1516 Ebinq
1245 1427 1477 1493 Concellnriam

298 1537 435 1604 illustris
465 1539 627 1627 principis
653 1539 711 1604 dni
735 1539 857 1604 oderi
881 1540 970 1605 ducis
996 1539 1122 1604 dustria
1147 1538 1253 1619 Styrie
1280 1545 1311 1602 et
1337 1534 1478 1601 Korintlr

294 1654 353 1713 etc.
381 1655 411 1712 et
439 1646 526 1712 dnum
553 1648 727 1712 Jobannem
760 1648 800 1711 de
827 1649 981 1734 Perpau,
1006 1648 1122 1712 decret.
1147 1648 1321 1715 doctorem,
1354 1646 1476 1710 Conon.

298 1758 438 1823 Ecclesia
450 1764 480 1822 et
494 1758 581 1843 Offic.
595 1757 688 1821 Curia
699 1759 809 1821 Potae.
824 1756 935 1820 ibidem
951 1762 1110 1842 presentes
1127 1762 1273 1840 tamquam
1290 1757 1319 1818 in
1335 1752 1478 1826 arbitros,

298 1863 493 1930 arbitratores
509 1872 539 1929 et
554 1864 727 1930 amicabiles
745 1865 960 1949 compositores
976 1871 1044 1930 noto
1062 1865 1189 1928 vnenimi
1206 1862 1479 1947 compromiserunt

297 1995 332 2039 ac
349 1977 442 2039 eciam
458 1982 661 2040 convenerunt
675 1974 922 2059 stipulacionibus
940 1975 1008 2039 binc
1030 1975 1099 2039 inde
1122 1972 1388 2039 intervenientibus
1404 1991 1478 2055 pro-

297 2084 448 2148 mittentes
471 2084 561 2148 michi
583 2090 613 2147 et
634 2084 722 2147 dictis
744 2082 865 2147 arbitris
888 2105 941 2149 seu
964 2083 1191 2148 arbitratoribus
1214 2102 1316 2147 eorum
1339 2080 1475 2151 arbitrio,

297 2193 385 2258 laudo
414 2200 443 2259 et
469 2200 613 2278 precepto
641 2199 722 2257 stare
750 2213 857 2277 parere
881 2200 911 2257 et
933 2193 1072 2266 obedire.
1098 2198 1128 2258 et
1148 2193 1226 2278 quod
1244 2212 1328 2257 omne
1344 2190 1475 2259 laudum,

297 2301 450 2367 arbitrium
467 2307 497 2366 et
514 2301 725 2366 diffinicionem
742 2322 795 2366 seu
812 2304 1092 2386 prenunciacionem
1110 2307 1140 2366 et
1155 2301 1361 2372 concordiam,
1386 2319 1474 2385 quam

296 2411 369 2476 dicti
400 2411 594 2475 arbitratores
627 2416 656 2474 et
689 2414 907 2495 compositores
938 2409 1110 2475 amicabiles
1142 2412 1220 2474 inter
1250 2430 1303 2474 eos
1334 2408 1474 2473 duxerint

295 2521 461 2585 faciendam
486 2541 540 2585 seu
562 2520 753 2587 ordinandam
779 2521 808 2585 in
837 2521 958 2606 scriptis
985 2522 1033 2585 rel
1060 2523 1126 2585 siue
1148 2520 1286 2605 scriptis,
1312 2519 1406 2585 semel
1425 2519 1473 2582 vel

296 2630 425 2716 pluries,
442 2628 546 2695 diebus
562 2630 677 2695 feriatis
693 2636 724 2695 et
739 2651 796 2695 non
814 2630 948 2707 seriatis,
972 2630 1120 2707 sedendo,
1138 2630 1252 2706 stando,
1269 2629 1472 2717 qualitercun-

295 2761 368 2825 que,
384 2716 551 2825 abicumque
563 2740 637 2825 ipsis
653 2740 787 2824 partibus
802 2741 993 2826 presentibus
1008 2743 1055 2807 rel
1071 2740 1243 2806 absentibus
1260 2739 1470 2812 observabunt,

294 2848 455 2913 laudabunt
468 2855 498 2912 et
514 2847 723 2930 emologabunt
738 2856 770 2912 et
782 2870 838 2933 per
854 2848 945 2923 alins,
969 2852 999 2914 in
1016 2857 1153 2936 quantum
1169 2851 1199 2913 in
1215 2851 1258 2914 eis
1274 2854 1336 2922 est,
1358 2849 1472 2912 facient

295 2959 464 3031 observari,
489 2956 603 3021 laudari
625 2963 656 3020 et
680 2957 844 3042 emologari
868 2964 899 3022 et
920 2964 1023 3023 eontm
1044 2958 1095 3023 illa
1110 2979 1168 3023 non
1185 2959 1307 3024 venient
1325 2960 1356 3022 in
1372 2957 1470 3042 aliquo

293 3071 391 3155 aliqua
407 3070 527 3134 racione
543 3089 597 3133 sen
613 3087 702 3133 cansa
719 3067 758 3133 de
772 3070 837 3132 iure
853 3069 899 3133 rel
915 3070 994 3133 lacto
1011 3070 1068 3135 sub
1084 3090 1161 3156 pena
1178 3075 1295 3136 centurn
1312 3079 1342 3133 et
1358 3070 1472 3151 viginta

293 3178 433 3244 librarum
461 3178 528 3243 den.
554 3178 685 3261 Wyenn.
713 3178 815 3242 taliter
841 3178 1006 3253 limitanda,
1038 3180 1117 3265 quod
1143 3201 1213 3264 pars
1238 3179 1324 3245 laudo
1351 3186 1472 3245 conba-

294 3286 406 3353 iaciens
444 3291 473 3352 in
506 3294 567 3352 toto
594 3287 643 3351 vel
669 3288 700 3351 in
729 3293 814 3372 parte
843 3286 901 3352 dno
930 3292 1032 3355 nostro
1056 3289 1226 3353 Patariensi
1248 3289 1313 3374 Epo
1341 3292 1369 3354 in
1398 3309 1473 3353 cen·

293 3402 354 3461 tum
372 3402 403 3462 el
423 3398 545 3463 cuilibet
567 3396 735 3462 arbitratori
756 3397 786 3460 in
807 3399 912 3463 decem
935 3398 1003 3463 libr.
1021 3399 1089 3463 den.
1107 3399 1236 3485 Wyenn.
1259 3401 1377 3464 nemim
1392 3419 1472 3485 pene

292 3505 451 3589 obligetur,
468 3513 499 3571 et
515 3506 593 3591 quod
610 3507 817 3572 nichilominus
835 3507 954 3573 laudum
971 3529 1026 3574 seu
1043 3510 1196 3574 arbitrium
1213 3509 1372 3573 occasione
1396 3529 1473 3573 con·

292 3618 433 3701 promissi
461 3618 610 3701 presentis
637 3616 800 3681 secundum
828 3616 945 3702 plenam
967 3618 1100 3683 obtineat
1122 3617 1289 3682 firmitatem
1308 3617 1471 3704 Postquam

291 3726 347 3810 ipsi
374 3725 565 3790 arbitratores
592 3745 645 3789 seu
674 3725 844 3790 amicabiles
872 3727 1088 3812 compositores
1111 3726 1198 3791 electi
1221 3725 1416 3791 communiter
1440 3731 1472 3790 et

292 3824 482 3901 concorditer
499 3857 516 3899 a
532 3834 622 3900 dictis
636 3835 771 3920 partibus
787 3837 888 3902 habita
910 3839 1057 3923 solempni
1074 3838 1294 3903 deliberacione
1315 3837 1423 3904 auditis
1439 3845 1470 3904 et

290 3944 452 4010 intellectis
468 3944 621 4021 omnibus,
638 3965 696 4030 que
712 3966 802 4030 super
820 3946 975 4032 questione
991 3947 1128 4032 predicta
1144 3948 1246 4012 dicere
1262 3953 1292 4011 et
1307 3948 1469 4013 ostendere

290 4055 446 4120 voluerunt
473 4063 504 4118 et
530 4055 684 4140 utriusque
711 4056 844 4139 parcium
868 4057 1046 4138 investigata
1070 4062 1100 4120 et
1121 4057 1221 4138 agnita
1242 4056 1392 4122 voluntate
1413 4078 1468 4143 pro

292 4163 368 4228 bono
393 4164 476 4248 pacis
501 4172 590 4247 atque
615 4165 774 4228 concordie
790 4186 827 4229 ex
842 4166 947 4249 vigore
963 4168 1173 4250 compromissi
1189 4166 1320 4250 predicti
1336 4168 1366 4230 in
1383 4168 1467 4251 ipsos

289 4273 362 4337 iacti
386 4273 672 4357 pronunciaverunt,
696 4272 891 4338 laudaverunt
912 4282 942 4338 et
964 4274 1110 4341 dixerunt.
1137 4274 1235 4339 Primo
1257 4273 1337 4360 qnod
1359 4294 1462 4340 vener.

286 4383 315 4444 in
342 4381 398 4446 llto
431 4388 517 4465 pater
550 4383 628 4447 dom.
660 4384 829 4468 prepositus
858 4389 888 4447 et
925 4383 1130 4450 Werubardns
1153 4385 1251 4449 dictus
1274 4384 1366 4449 kilino
1394 4406 1467 4470 pre·

289 4490 361 4556 dicti
377 4491 487 4555 debent
503 4512 573 4556 esse
589 4490 658 4555 boni
674 4493 761 4556 amici
774 4500 804 4556 et
815 4492 976 4558 affectuose
992 4495 1119 4558 insumul
1136 4514 1170 4558 se
1186 4500 1326 4558 tractare.
1344 4494 1465 4578 Expen-

285 4623 335 4666 sas
352 4621 422 4666 vero
438 4602 508 4666 binc
524 4601 593 4666 inde
609 4602 638 4663 in
654 4599 709 4665 lita
723 4602 828 4675 lactas,
845 4622 902 4666 nec
918 4623 975 4667 non
992 4602 1042 4667 llll
1057 4602 1124 4667 libr.
1138 4602 1205 4668 den.
1221 4601 1349 4690 Wyenn.
1367 4604 1464 4668 omni·

287 4708 374 4775 mode
400 4715 606 4782 removentes,
630 4729 721 4795 super
749 4730 842 4775 censu
869 4716 966 4775 auten
993 4712 1145 4797 utriusque
1172 4713 1259 4797 grani
1283 4710 1412 4799 siliginis
1435 4722 1465 4780 ct
