3242 5350
1247 462 1324 534 433

130 639 288 704 Nicotaus
309 639 350 703 de
369 639 576 725 Ncunborpc,
599 637 761 704 dodonaeo
782 641 931 713 Pistrini,
963 639 1127 705 Cristanue
1156 640 1325 710 barlaam,

131 749 211 812 Otto
227 749 267 812 dc
293 749 457 832 Trcpsem,
488 746 730 813 Bartbolomeus
751 750 910 835 plcbcmre
938 772 963 813 s.
987 749 1139 822 Martini,
1164 749 1327 815 Jcbarmcs

130 857 263 928 Custos,
293 857 415 921 [Ericusa
436 856 587 942 Hespero
605 857 764 941 plebanos
785 860 891 923 sancti
911 860 988 930 loci,
1012 860 1165 925 Nicotaus
1180 858 1325 926 lincaeo.

130 968 248 1030 Petras
263 973 367 1031 matos
382 965 589 1037 doninamm,
608 966 760 1031 Gerbzcavs
777 968 986 1040 Gcrlstcirrer,
1006 969 1156 1052 Omolfus,
1173 967 1327 1055 mopiater

130 1076 269 1162 oblcpii,
296 1073 497 1140 Wcltcbvcus
522 1075 562 1138 dc
586 1076 794 1162 Enusprunn,
824 1077 987 1142 Jobonnee
1015 1078 1056 1142 de
1084 1078 1229 1151 Wiennc,
1255 1076 1327 1140 Otto

128 1185 172 1248 de
193 1185 312 1257 Tuben,
335 1184 494 1249 Martinus
517 1183 681 1256 Scbcncb,
705 1186 888 1252 Hodmcrarr
909 1187 1079 1258 Mutseder,
1099 1190 1220 1270 fratres
1246 1186 1325 1251 Con·

130 1303 247 1358 vernus
265 1295 341 1360 Con.
358 1295 435 1380 neq.
452 1292 536 1357 Mon.
553 1293 659 1358 Muris
681 1294 816 1381 virginio
836 1297 975 1383 plorasse
997 1297 1064 1361 ord.
1081 1318 1106 1361 a.
1123 1295 1201 1383 alep.
1218 1294 1326 1359 Necn-

129 1403 263 1490 durpc„
281 1405 381 1465 vestre
398 1400 530 1466 diocesis
545 1421 612 1465 cunr
629 1401 744 1466 devotis
759 1404 952 1468 oracionibus
968 1404 1174 1470 obedienciam
1191 1408 1221 1467 et
1237 1423 1328 1467 reve-

129 1513 268 1576 renciam
285 1510 417 1576 debitam
433 1516 465 1576 et
481 1510 670 1594 condignam.
694 1512 828 1578 Vacante
851 1513 1018 1597 superdicti
1040 1514 1216 1579 ltlonasterii
1231 1515 1326 1577 nostri

129 1620 290 1685 Prelatura
314 1641 370 1703 per
390 1617 502 1683 obitum
523 1619 601 1684 bone
622 1622 766 1686 memorie
781 1623 902 1688 domici
919 1625 1030 1709 Ortolfi
1040 1624 1202 1711 prepositi
1215 1624 1326 1695 nostri,

130 1731 191 1818 qui
205 1731 343 1796 decere&
357 1728 447 1795 Anno
464 1729 584 1794 donnini
597 1729 648 1793 Μ’
666 1731 759 1797 000⁰
774 1732 873 1797 ΒΧΓ
891 1734 999 1820 prinae
1011 1734 1065 1799 dic
1079 1732 1200 1799 XXIIII
1211 1733 1327 1797 mmmis

131 1840 262 1927 Aprilis
278 1841 402 1923 eiusque
418 1859 546 1923 corpore
568 1838 617 1904 die
640 1829 774 1924 proximo
790 1846 862 1905 tunc
879 1849 1025 1928 sequente
1040 1841 1268 1918 ecclesiastice,
1292 1849 1323 1906 vt

129 1948 253 2021 decuit,
278 1948 387 2013 tradito
405 1948 576 2032 sepulture,
601 1969 639 2013 ne
656 1951 803 2032 prefatum
826 1956 959 2016 nostrum
981 1953 1193 2017 monasterium
1209 1952 1326 2017 diucius

130 2060 288 2124 viduitatis
327 2057 500 2143 deploraret
538 2058 743 2131 incommoda,
779 2061 880 2126 statim
906 2066 977 2148 ipso
999 2062 1053 2128 dic
1075 2062 1222 2128 videlicet
1236 2062 1325 2126 XXV.

130 2170 251 2235 mensis
275 2169 442 2234 iamdicti
466 2168 547 2234 born
570 2169 621 2234 111
645 2169 838 2233 convenimus
860 2169 891 2232 in
913 2170 980 2235 loeo
1002 2189 1057 2254 pro
1074 2177 1176 2236 nostro
1194 2169 1325 2254 capitulo

130 2278 278 2363 deputato
303 2277 342 2341 de
370 2279 461 2342 loturi
489 2277 642 2343 eleccione
669 2279 817 2362 prepositi
840 2280 1010 2355 tractaturi,
1033 2283 1236 2363 protestantes
1259 2283 1328 2342 ante

131 2391 251 2459 omnia,
276 2396 378 2452 nostre
404 2408 463 2452 non
484 2408 554 2452 esse
577 2387 756 2452 intensionis
778 2407 845 2452 cunr
868 2388 1143 2460 excommunicatis,
1168 2389 1327 2472 suspensis

130 2506 184 2563 aut
200 2497 372 2562 interdictis
387 2516 441 2561 seu
458 2496 532 2562 alias
548 2495 709 2562 iuabilibus
726 2495 858 2579 eligere,
881 2498 907 2561 si
936 2497 1004 2582 quis
1024 2498 1162 2561 fortassis
1178 2498 1256 2561 inter
1272 2515 1328 2560 nos

132 2614 237 2681 esset,
269 2606 325 2670 sed
342 2625 446 2671 vocem
462 2604 632 2670 huiusmodi
647 2604 793 2670 noluimus
810 2605 900 2670 alicui
922 2605 1069 2691 prodesse
1085 2605 1263 2691 simpliciter
1278 2605 1327 2670 vel

133 2717 267 2788 obesse,
292 2722 324 2780 et
344 2735 411 2780 cum
428 2736 486 2779 non
503 2721 608 2780 esseut
622 2714 727 2799 plures
742 2715 854 2780 iratres
875 2735 930 2780 seu
946 2714 1104 2787 canonici,
1130 2716 1181 2800 qui
1203 2721 1328 2800 possent

132 2835 186 2894 aut
202 2827 352 2893 deberent
371 2824 409 2887 ad
431 2825 609 2890 electionem
632 2824 801 2890 huiusmodi
825 2826 944 2890 evocari
966 2824 1134 2909 prehabitis
1151 2825 1327 2910 quibusdam

132 2937 313 3002 uectatibus
330 2934 507 2999 unanimiter
528 2934 746 2999 concordantes
769 2933 937 3017 procedere
962 2932 1150 2998 decrevimus
1173 2933 1326 3017 adipeam

134 3047 322 3111 Electionem
338 3044 484 3126 legittime
501 3043 728 3119 celebrandam,
753 3042 926 3128 placuitque
950 3042 1037 3107 nobis
1060 3042 1196 3107 omnibus
1214 3046 1245 3106 et
1260 3045 1324 3106 sin-

132 3156 215 3237 gulis
232 3153 428 3218 concorditer
444 3154 600 3238 animoque
617 3151 784 3218 deliberato
797 3173 854 3238 per
867 3153 992 3217 formam
1008 3152 1144 3218 scrutinii
1157 3151 1194 3215 de
1207 3152 1325 3236 prelato

133 3264 235 3330 eidem
251 3267 355 3327 nostro
372 3262 555 3326 Monasterio
571 3261 742 3346 providere,
764 3263 847 3327 crede
859 3263 893 3326 in
908 3268 974 3328 tres
989 3264 1030 3327 de
1043 3263 1203 3328 Conventa
1218 3270 1326 3326 nostro

132 3375 297 3462 predicto,
320 3372 468 3438 videlicet
488 3372 656 3437 Nicolaum
671 3371 712 3436 de
726 3371 933 3459 Neonburpu,
961 3372 1096 3436 Vbicum
1120 3371 1268 3457 Hospccb
1293 3378 1325 3434 et

133 3484 310 3549 ,bertinum
323 3481 470 3547 Scbenclr
485 3479 638 3564 predictos
655 3480 913 3563 compromisimus
930 3481 1035 3565 eisque
1052 3479 1189 3543 dedimus
1204 3479 1321 3563 plenam

134 3600 165 3657 et
180 3593 308 3657 liberam
325 3595 516 3674 potestatem,
533 3588 686 3654 scrutandi
704 3609 740 3652 ac
756 3589 851 3653 eciam
868 3588 1037 3674 inquirendi
1053 3594 1173 3654 secrete
1189 3596 1221 3652 et
1236 3590 1323 3671 sigil-

137 3704 218 3767 latim
235 3706 305 3765 vota
322 3699 450 3763 omnium
467 3700 506 3763 de
521 3696 675 3763 Conventa
692 3720 746 3764 seu
763 3698 900 3783 Capitulo
918 3704 1007 3784 atque
1023 3720 1092 3771 sua,
1116 3706 1146 3762 et
1167 3698 1267 3776 illurn,
1292 3701 1322 3764 in

134 3834 223 3898 quem
240 3831 361 3884 omnes,
385 3815 435 3873 aut
450 3809 543 3872 maior
561 3817 592 3872 et
607 3810 710 3873 sanior
731 3829 801 3892 pars
826 3809 1010 3873 inveniretur
1035 3828 1072 3872 ex
1095 3810 1161 3893 ipso
1186 3809 1324 3893 Capitulo

133 3921 343 3989 consensisse,
368 3938 422 4002 per
439 3939 526 3982 vnum
542 3918 716 3983 eorumdem
732 3919 938 3983 Scrutatorunr
964 3918 1001 3982 de
1029 3937 1179 3982 consensu
1204 3937 1324 3983 suorum

134 4030 319 4111 collegarum
337 4037 368 4091 et
385 4034 487 4092 nostro
504 4029 534 4092 in
551 4031 735 4112 prepositum
753 4028 895 4113 eligendi.
914 4028 971 4111 Qui
983 4026 1103 4113 quidem
1120 4029 1324 4103 scrutatores,

135 4144 314 4223 potestatem
330 4136 501 4202 huiusmodi
517 4142 727 4220 acceptantes,
745 4136 781 4202 ad
799 4142 914 4221 partem
930 4138 1025 4221 ipsius
1042 4134 1171 4220 Capituli
1186 4158 1242 4201 vna
1259 4156 1324 4201 eum

134 4249 261 4313 Notario
280 4245 455 4311 ettestibus
472 4246 689 4330 infrascriptis
713 4250 935 4319 retraxerunt,
960 4251 991 4309 et
1012 4250 1080 4310 vota
1102 4266 1156 4310 sua
1178 4246 1324 4329 primitus,

134 4363 175 4423 ita
192 4357 271 4441 quod
296 4354 406 4438 singuli
422 4355 480 4420 duo
502 4357 664 4433 cuiuslibet
684 4356 771 4420 tercii
797 4377 918 4420 suorum
935 4355 1126 4436 collegarum
1148 4365 1247 4421 votum
1270 4356 1325 4421 sub

133 4465 321 4550 prestacione
341 4463 502 4527 loramenti
525 4465 614 4527 tactis
641 4464 843 4527 sacrosanctis
867 4463 1051 4544 Evangeliis
1087 4469 1117 4526 et
1145 4464 1201 4528 sub
1229 4463 1325 4537 Stola,

133 4574 242 4639 deinde
256 4580 323 4637 vota
337 4572 464 4634 omniurn
474 4578 504 4634 et
513 4572 696 4655 singulorum
705 4577 838 4637 nostrum
847 4572 970 4637 aliorum
984 4573 1022 4636 de
1033 4570 1170 4655 Capitulo
1183 4594 1237 4637 seu
1250 4592 1320 4636 con-

131 4691 220 4748 ventu
238 4691 358 4747 secrete
371 4686 402 4745 et
416 4679 571 4762 sigillatim
585 4680 675 4745 simili
687 4679 743 4745 sub
761 4682 926 4747 iuramento
942 4680 1081 4745 similiter
1096 4682 1318 4754 scrutabantur,

172 4822 265 4866 Fontes.
284 4820 341 4866 xvv.
1072 4784 1108 4838 28
