3242 5350
281 563 331 634 eb

280 738 398 802 Domini
421 738 575 803 ltlillesimo
599 737 812 802 Ducentesimo
836 735 1037 820 Nonagesimo
1061 737 1158 799 Primo
1174 736 1246 801 xiiii.
1264 734 1328 799 Kal.
1349 734 1409 819 lulj
1430 735 1466 799 ln

280 847 331 911 die
347 852 516 912 sanctorum
532 848 683 912 martirum
700 846 795 910 Marci
812 853 843 911 et
858 844 1054 909 Marcelliani.

902 969 961 1023 orig.
976 972 1038 1024 Pers.
1054 970 1151 1025 (liopert.
1165 970 1210 1011 uer.
1223 973 1258 1013 dir.
1268 971 1300 1017 19,
1314 968 1408 1026 10118.)

350 1065 430 1136 Papst
446 1063 570 1119 Nikolnns
588 1061 629 1117 lV.
648 1063 722 1118 batte
740 1062 807 1116 naeb
833 1060 893 1116 dem
910 1060 1033 1115 Verluste
1051 1077 1101 1115 rou
1120 1062 1260 1116 Ptolomais
1279 1062 1344 1116 alles
1369 1062 1467 1130 autge-

278 1156 370 1217 boteu,
395 1154 438 1209 die
462 1154 632 1208 christlichen
657 1154 768 1206 Fbreten
794 1171 826 1206 au
846 1151 932 1206 ciuem
955 1168 1041 1206 neuen
1063 1152 1217 1221 Kreuzzuge
1237 1170 1268 1206 uu
1289 1151 1466 1207 enttiammeu.

280 1246 333 1299 Zur
349 1245 533 1317 Austoriugung
555 1245 602 1298 der
621 1242 773 1297 Geldmittel
799 1242 893 1297 sandte
913 1259 943 1296 er
966 1243 1060 1311 eigene
1081 1243 1205 1297 Sammler
1222 1243 1249 1296 iu
1268 1243 1311 1296 dic
1330 1242 1466 1296 einzelnen

279 1337 382 1398 Laude,
400 1337 466 1391 nach
490 1335 668 1409 Deutecbland
693 1336 742 1389 deu
766 1335 876 1388 iiiscbot
895 1352 945 1388 roo
968 1335 1091 1396 Torcelli,
1115 1334 1228 1406 lllyron,
1258 1334 1305 1388 der
1324 1334 1380 1388 bier
1404 1332 1466 1387 dem

282 1431 393 1499 Propsle
412 1429 482 1482 Pabo
502 1427 552 1480 den
571 1426 701 1499 Empfang
719 1425 766 1479 der
785 1426 827 1480 bei
840 1426 891 1480 ihm
909 1425 1125 1495 niedergelegten
1144 1424 1351 1496 Sammelgelder
1369 1426 1464 1480 besta·

279 1520 357 1592 liget,
378 1518 420 1574 die
439 1518 497 1573 oieb
516 1518 563 1572 aul
578 1517 621 1572 die
640 1518 744 1571 Summe
762 1534 812 1571 von
830 1517 884 1573 189
902 1518 985 1571 Piund
1011 1518 1142 1572 belaulen.

351 1610 407 1665 Von
420 1610 478 1664 dem
498 1611 536 1663 als
556 1610 662 1680 Zeugcn
675 1608 850 1679 angelribrten
869 1607 1016 1663 Chorberrn
1035 1607 1164 1663 llartwich
1178 1607 1295 1661 bewabrt
1307 1605 1350 1661 die
1363 1606 1466 1660 biblio·

279 1702 343 1756 tlrek
363 1702 438 1756 einen
461 1701 643 1755 Sammclband
664 1717 714 1754 von
731 1699 874 1771 Prodigten
899 1699 946 1753 mit
964 1699 1012 1754 der
1034 1701 1201 1768 lumerluug
1228 1716 1268 1752 arn
1287 1698 1372 1752 Euda:
1393 1698 1467 1751 riuis

281 1793 435 1848 Sermonum
454 1792 624 1848 collectorum
643 1808 800 1863 permanan
819 1790 942 1845 Hartwici
971 1789 1093 1844 Custodia
1118 1789 1231 1845 ecclesie
1250 1788 1464 1860 Nernburgeusie

280 1884 355 1939 Auno
374 1884 474 1939 Domini
493 1880 728 1939 necamur.
747 1884 954 1969 completusost
971 1881 1038 1936 liber
1057 1881 1116 1937 iste.

810 2161 932 2235 XLVll.

281 2318 409 2394 Leopold
431 2335 487 2375 oon
505 2318 557 2375 der
574 2316 753 2373 Hoebatroaee
777 2316 839 2373 und
855 2317 916 2373 sein
938 2317 1019 2373 Sola
1047 2314 1164 2389 Sipfrid
1185 2317 1270 2388 peben
1297 2316 1359 2372 dem
1376 2313 1469 2388 Stiflc

693 2409 749 2464 den
783 2408 969 2479 Wcinpurlen
992 2406 1061 2464 Vile

549 2554 552 2561 ⁴
662 2636 667 2647 Ι
685 2557 743 2611 Dat
762 2574 785 2610 s.
803 2557 822 2610 l.
840 2556 884 2610 12.
903 2556 967 2610 Dec.
986 2554 1066 2611 1291.

371 2686 418 2752 Ne
441 2692 505 2752 acta
528 2687 679 2751 bominum
701 2686 739 2750 de
756 2685 839 2750 sacili
861 2686 1035 2750 amemo'ria
1058 2684 1242 2760 dilabantur,
1267 2687 1405 2750 convenit
1428 2705 1467 2749 ea

281 2794 433 2861 literarum
450 2797 619 2860 testimonio
642 2795 834 2881 perheunari.
851 2794 943 2858 Huius
965 2795 1010 2858 rei
1026 2795 1130 2876 gracia
1147 2816 1204 2877 ego
1226 2795 1406 2884 leopoldus
1425 2795 1470 2859 de

282 2907 348 2970 olto
363 2913 466 2971 atrato
482 2906 560 2972 cive
579 2906 772 2972 Wennenaic
792 2927 855 2970 ono
870 2926 940 2970 cum
957 2906 1025 2990 filio
1040 2927 1107 2970 meo
1123 2906 1252 2991 Spfrido
1269 2907 1306 2970 ad
1327 2908 1468 2971 noticiam

284 3019 343 3078 tam
359 3016 550 3099 presencium
566 3035 653 3100 quam
673 3014 840 3078 futurorum
857 3015 942 3097 cupio
960 3017 1136 3099 pervenire,
1159 3015 1238 3100 quod
1255 3016 1377 3082 vineam
1398 3016 1469 3081 dic·

284 3130 350 3188 tem
364 3124 446 3190 oilez
456 3125 549 3189 eitam
561 3125 595 3190 in
609 3126 703 3189 Coloe
718 3131 831 3201 monte,
847 3143 933 3208 quam
950 3145 965 3187 a
982 3125 1175 3188 serenissimo
1191 3125 1307 3190 domino
1331 3126 1469 3211 liudolfo

285 3233 440 3320 qnondam
469 3256 544 3321 repe
575 3235 785 3324 Romanorum
813 3254 869 3320 epo
894 3234 1074 3320 Leopoldua
1094 3234 1204 3321 recepi
1227 3235 1261 3299 in
1285 3236 1414 3318 ferndum
1437 3241 1471 3299 et

281 3343 413 3430 possedi
423 3345 513 3409 titolo
522 3344 649 3426 feodali
663 3351 695 3408 et
705 3343 806 3409 eciam
822 3366 842 3407 a
858 3343 1141 3408 dominoHoimico
1153 3345 1193 3409 de
1203 3345 1297 3409 witra
1313 3345 1471 3431 quondam

284 3451 485 3518 Morseboloo
509 3452 637 3518 doetrie
654 3459 824 3540 prenotato
845 3453 936 3518 titolo
959 3452 1069 3539 recepi
1089 3452 1122 3516 in
1134 3454 1263 3536 ferndum
1291 3461 1321 3516 et
1336 3452 1470 3536 possedi,

285 3565 398 3626 matura
422 3562 641 3626 deliberacione
656 3559 811 3645 prehabito
833 3561 903 3626 dedi
929 3563 1060 3629 eooleoie
1080 3563 1330 3652 Neronburpenei
1355 3565 1471 3628 cedens

285 3674 316 3733 et
332 3671 512 3734 renuncians
533 3667 694 3740 ommium,
710 3667 790 3752 quod
806 3669 896 3733 michi
913 3691 948 3735 ex
964 3672 1109 3755 predictis
1125 3672 1384 3738 inleudacionibus
1405 3672 1473 3736 sive

285 3776 342 3841 alio
364 3796 542 3865 quocunqne
563 3776 620 3840 iuri
642 3777 670 3840 in
692 3783 854 3841 memorata
878 3778 964 3842 vinea
994 3780 1198 3864 competebat,
1221 3783 1471 3869 possessiouique

287 3888 421 3952 eiusdem
444 3887 532 3952 vinee
549 3886 661 3951 cedens
676 3890 708 3949 et
723 3906 788 3950 eam
804 3887 903 3951 eidem
919 3888 1051 3952 ecclesie
1069 3911 1146 3955 nuno
1167 3892 1302 3975 resigno.
1325 3892 1471 3958 Preterea

282 4018 341 4082 ego
357 3998 496 4082 Sisn'doa
513 3996 590 4061 tilius
607 3994 736 4080 predicti
751 3993 900 4080 Leupoldi
910 3977 1052 4062 renuncio
1070 4001 1150 4064 omni
1165 4000 1233 4073 iuri,
1246 4001 1323 4086 quod
1339 4002 1369 4065 in
1381 4003 1472 4068 dicta

282 4107 375 4172 vineo
398 4107 478 4171 oilca
499 4127 535 4170 er
561 4104 770 4170 infeudacioue
796 4105 906 4170 domini
939 4110 1035 4171 nostri
1062 4110 1185 4175 Alberti
1204 4111 1343 4176 llluetrie
1368 4111 1471 4177 Dacia

280 4217 407 4282 Amoie
432 4216 624 4299 competebat
643 4220 675 4280 et
692 4213 808 4279 annuali
834 4216 981 4290 servicio,
1005 4217 1082 4304 quod
1099 4218 1138 4283 de
1159 4218 1262 4284 eadem
1284 4221 1369 4284 vinea
1391 4222 1471 4305 patri

282 4345 348 4390 meo
361 4324 515 4410 Leupoldo
533 4324 635 4410 sepius
653 4329 753 4388 notato
770 4324 854 4388 annis
870 4325 998 4409 singulis
1015 4327 1117 4392 facere
1134 4327 1315 4401 debuissem,
1333 4335 1421 4413 prout
1440 4333 1471 4395 in

280 4434 376 4499 literis
409 4433 483 4499 dieti
510 4433 622 4498 domini
650 4434 747 4496 nostri
774 4432 897 4499 ilberti
921 4434 1060 4500 Illoetrie
1082 4437 1181 4502 Deoia
1201 4436 1329 4503 doetrie
1349 4436 1471 4523 plenius

283 4549 330 4607 est
354 4561 544 4629 expressum.
568 4543 598 4606 ln
624 4542 708 4606 cuius
739 4542 785 4604 rei
809 4542 995 4607 euideneiam
1025 4550 1056 4606 et
1081 4545 1272 4609 stabilitatem
1295 4554 1470 4631 presentem

282 4653 398 4718 literam
415 4650 583 4735 sigillorum
601 4657 770 4714 nostrorum
784 4652 945 4715 munimine
962 4652 1088 4715 fecimus
1105 4655 1259 4718 eomuniri.
1273 4656 1382 4719 Testes
1399 4663 1473 4722 suut

283 4764 315 4827 d.
334 4762 430 4828 Gbolo
446 4761 594 4848 officialia
608 4761 648 4825 de
663 4760 871 4847 Newoborpm
891 4758 1007 4827 l'lrioos
1019 4762 1168 4850 mepister
1179 4771 1309 4838 monete,
1325 4763 1471 4832 Olouro-
