3242 5350
1252 446 1328 519 455

155 621 326 688 debitorem
354 623 484 689 Comere
510 624 683 711 apostolice
703 645 766 711 per
788 624 989 711 provinciam
1011 623 1279 712 Salisborpensem
1301 633 1331 690 et

155 732 233 796 alibi
252 752 269 793 a
290 731 458 796 venerando
479 732 559 807 rire,
581 732 705 796 Domino
728 735 830 814 Helge
850 734 891 798 de
905 733 1070 805 codronio,
1098 735 1233 799 Contere
1247 734 1329 799 San-

154 841 271 911 xieasi,
287 841 402 906 elerico
417 862 540 907 currere
554 849 587 907 et
601 841 774 929 apostolice
788 842 873 907 cedia
889 842 1001 908 nuncio
1014 844 1217 930 perdideras
1232 865 1331 930 regna

153 949 319 1015 Ammcnie
330 970 347 1014 a
359 950 496 1034 predicta
509 950 583 1016 sede
596 951 762 1036 deputatus.
777 949 943 1032 Quittamus
957 950 1156 1015 venerabilem
1169 952 1200 1015 in
1209 950 1330 1017 Christo

155 1066 270 1142 patrem
292 1062 323 1122 et
345 1059 494 1124 dominum
510 1059 658 1124 dominum
674 1059 857 1144 prepositum
873 1060 902 1122 in
919 1058 1094 1144 Neunburg
1119 1067 1149 1124 et
1164 1059 1332 1146 Capitulum

153 1166 265 1231 ibidem
288 1166 399 1232 Canon.
420 1168 496 1251 lleg.
518 1169 581 1233 ord.
605 1191 630 1233 s.
652 1171 728 1252 Aug.
752 1168 916 1253 supradicti
938 1175 1034 1254 patav.
1056 1167 1133 1234 dioc.
1150 1168 1189 1233 de
1210 1171 1331 1237 duobus

149 1278 281 1361 florescis
296 1279 358 1342 auri
374 1277 480 1362 legalis
497 1283 528 1343 et
544 1277 653 1343 rsualis
669 1280 847 1362 pagamenti,
864 1278 972 1361 quibus
988 1277 1141 1362 predictus
1157 1281 1330 1364 prepositus

153 1391 184 1449 et
199 1384 365 1471 Capitulum
379 1386 489 1452 ibidem
505 1385 629 1453 Camere
645 1386 810 1472 apostolice
827 1387 864 1452 de
881 1387 994 1452 duobus
1011 1390 1094 1451 annis
1111 1387 1331 1471 obligabantur,

152 1495 191 1558 Et
207 1513 283 1578 quos
298 1494 417 1580 quidem
433 1495 580 1562 discretus
597 1497 651 1570 vir,
666 1497 826 1563 Arnoldus
841 1497 944 1563 diones
959 1496 1100 1586 Spicum
1124 1498 1209 1564 Ciuis
1223 1498 1331 1564 lictis·

151 1605 303 1690 ponerrais
318 1603 482 1668 honorabili
497 1604 561 1669 viro
577 1605 694 1669 domino
705 1603 892 1670 Percbtoldo
908 1605 993 1670 dicto
1003 1605 1167 1678 Meretrice,
1187 1606 1332 1671 Commis-

151 1712 238 1776 scrio
262 1719 387 1786 codro,
413 1714 569 1780 canonico
590 1713 720 1779 ecclesie
734 1713 850 1778 ceteris
871 1715 994 1801 capelle
1007 1714 1248 1802 Retisponensis
1263 1715 1330 1779 dio·

152 1820 232 1885 cesis
247 1826 306 1885 tam
322 1841 408 1907 quam
425 1820 510 1886 nobis
527 1820 687 1887 collectori
709 1841 851 1886 censuum
869 1820 992 1887 Camere
1009 1820 1173 1906 apostolice
1189 1843 1244 1908 per
1260 1843 1330 1907 pro·

152 1929 279 1993 vinciam
295 1928 556 2013 salisburgensem
572 1934 732 1998 constituto
748 1932 941 2015 presentavit.
968 1931 999 1995 lo
1022 1933 1105 1997 cuius
1122 1931 1283 1995 solucionis
1301 1941 1332 1996 et

150 2037 244 2101 debiti
261 2036 482 2103 absolucionem
498 2038 600 2103 damus
615 2040 692 2125 ipsis
708 2048 866 2127 presentes
883 2041 987 2106 literas
1004 2041 1096 2123 sigilli
1109 2043 1203 2106 nostri
1216 2061 1329 2126 appen-

152 2147 238 2211 sione
261 2146 427 2212 roboratas.
456 2148 563 2213 Datum
583 2150 756 2237 Rotispone
777 2153 860 2214 Anno
877 2147 994 2214 Domini
1021 2148 1068 2211 Mo
1089 2147 1179 2213 CGC⁰
1202 2147 1333 2212 uxxlflo

149 2254 302 2320 lodicionc
329 2256 499 2330 rodscima,
530 2256 723 2323 Pontificatus
754 2256 933 2322 sanctissimi
960 2256 990 2318 in
1018 2255 1139 2320 Christo
1171 2256 1266 2340 patris
1297 2265 1328 2320 et

150 2363 261 2429 domini
275 2365 371 2428 nostri
388 2364 496 2429 domini
513 2364 653 2449 Gregorii
670 2367 767 2432 divina
782 2364 974 2449 providencia
993 2384 1070 2450 pape
1087 2365 1235 2430 undecimi
1252 2385 1328 2428 anno

149 2473 248 2540 tercio
265 2473 357 2538 XXVl
373 2475 422 2540 die
439 2475 550 2541 biensis
565 2475 755 2542 Novembris.

862 2614 1006 2657 Cbnrtrlrrinm
1015 2614 1095 2656 motin
1104 2615 1139 2656 lli.
1151 2615 1187 2656 dcl.
1200 2616 1245 2657 tl'l.
1256 2618 1278 2658 b.

240 2690 298 2743 Orig.
314 2692 373 2742 l’erg.
393 2692 420 2731 tn
434 2692 498 2733 cinam
512 2692 714 2744 serane-ornin-
729 2691 791 2744 biagt
805 2691 837 2732 ein
852 2690 964 2740 linglicber
974 2689 1044 2740 Sicgel
1059 2689 1079 2728 in
1092 2692 1174 2740 vinem
1185 2690 1275 2731 Wacbro.
1291 2692 1333 2731 lter

149 2764 198 2804 beil.
221 2766 305 2816 biegnae
324 2764 366 2803 bill
384 2764 403 2803 io
422 2764 458 2805 der
468 2765 549 2805 rechten
559 2766 613 2805 uano
633 2766 678 2806 cine
695 2766 760 2806 banne
779 2763 814 2804 mit
832 2763 896 2803 cinam
906 2762 1016 2801 Krannon
1028 2761 1156 2812 dchpitu,
1172 2762 1191 2803 in
1206 2764 1242 2803 der
1256 2764 1332 2811 oulen,

149 2850 174 2877 ιι
191 2837 229 2876 der
247 2838 307 2876 amr
325 2836 427 2879 nonde·
450 2839 504 2878 llond
523 2839 555 2879 eir
575 2837 772 2880 unisonantia:
797 2834 1331 2877 s.usmmct.1³ose.ucco‚scl.otsoott.

151 2910 299 2950 camerone.

607 3182 883 3263 CCCCLXVlll.

150 3348 207 3403 Dar
219 3347 295 3420 Stift
307 3345 426 3401 Neuaell
442 3346 473 3400 in
489 3346 568 3401 'diret
588 3346 687 3401 nimmt
698 3346 939 3417 Klosterrreuburg
951 3348 983 3403 in
995 3347 1042 3402 die
1052 3346 1195 3416 peistlicte
1212 3346 1332 3402 Verbrrt·

651 3437 758 3510 derunp
770 3439 831 3512 auf.

489 3602 547 3657 bat
559 3601 680 3664 Neurell,
692 3601 736 3656 st.
750 3602 894 3658 December
907 3602 985 3658 1373.

239 3785 421 3850 Reverendis
447 3785 478 3848 in
503 3783 624 3850 Christo
651 3784 800 3870 patribus,
826 3786 953 3850 dominis
977 3786 1039 3849 suis
1066 3792 1097 3849 ct
1120 3781 1326 3848 confratribus

150 3914 216 3958 curn
233 3894 351 3958 interne
364 3893 501 3958 karitatis
518 3892 635 3958 vinculo
648 3897 766 3959 sincere
783 3894 968 3978 perdilectis,
982 3893 1100 3957 domino
1115 3894 1328 3959 Obolomcnno

148 4003 323 4069 venerabili
331 4003 504 4091 preposito,
520 4003 654 4068 Nicolco
669 4004 809 4080 Deciano,
826 4003 954 4087 'lotique
969 4001 1132 4068 Conventui
1151 4001 1324 4065 Menasterii

149 4118 253 4177 sancte
274 4112 369 4176 llarie
390 4111 427 4175 in«
442 4110 623 4193 Neunburga
646 4131 710 4176 can.
735 4130 802 4195 reg.
826 4111 890 4177 ord.
913 4132 938 4174 s.
960 4113 1034 4195 bug.
1058 4111 1157 4175 Pater.
1183 4110 1322 4174 diocesis.

151 4222 337 4288 Cbcnrcdus
363 4221 471 4286 divina
497 4221 704 4309 permissione
729 4221 961 4287 Noveccllensis
988 4220 1119 4285 ecclesie
1141 4220 1327 4307 prepositus

149 4333 349 4396 Hermannus
370 4331 525 4403 decanus,
557 4330 713 4415 Totusquc
735 4336 899 4394 conventus
927 4327 1037 4392 ibidem
1059 4327 1191 4392 ciusdem
1214 4326 1327 4392 ordinis

148 4440 332 4505 Brixioensis
347 4438 424 4504 dioc.
442 4441 597 4504 oraciones
613 4439 644 4503 in
659 4440 778 4505 Christo
796 4439 918 4504 denotas
943 4457 1009 4503 cum
1026 4437 1144 4500 sincera
1161 4437 1189 4499 in
1209 4435 1327 4499 domino

147 4550 285 4615 karitate.
310 4548 381 4613 Cum
405 4549 575 4615 intellectus
598 4550 627 4614 in
651 4551 729 4614 drea
749 4548 934 4633 generaliter
956 4546 1093 4620 oberret,
1123 4544 1327 4628 intelligenoia

148 4680 218 4726 nero
235 4696 278 4708 —
294 4662 448 4733 amicatur,
463 4659 552 4725 Cuius
567 4661 649 4725 racio
664 4678 805 4727 asummo
818 4657 937 4742 quidem
949 4662 1018 4721 ente
1031 4654 1139 4739 singul.
1152 4662 1251 4720 mente
1267 4674 1325 4718 non
