3242 5350
1253 498 1329 573 159

129 679 157 737 et
169 671 310 737 moribus
326 676 435 741 merito
452 674 733 747 commendandum,
757 677 788 741 in
809 674 990 740 Sacerdotio
1012 681 1044 740 et
1058 676 1147 741 Etate
1162 681 1277 740 matura
1300 680 1332 740 et

129 783 273 863 legittima
303 784 521 855 coustitutum,
554 803 589 846 ac
617 783 655 846 de
682 785 818 866 legitimo
850 783 1036 847 Matrimonia
1064 789 1270 868 procreatum,
1299 787 1329 849 in

129 888 340 971 spiritualibus
358 897 390 953 et
406 890 622 972 temporalibus
639 890 797 975 plurimum
815 891 1075 973 circumspectum.
1109 889 1203 971 Quem
1220 913 1332 975 preno-

129 998 256 1059 minatus
274 995 424 1061 Dominus
440 998 586 1071 lacubus,
613 999 694 1062 Vnus
718 1000 1045 1082 compromissariorum
1075 998 1113 1062 de
1135 999 1290 1069 mandato,
1313 1019 1330 1061 a

127 1107 188 1168 suis
210 1104 499 1188 compromissariis
521 1107 578 1169 sihi
606 1107 675 1170 dato
699 1107 794 1189 elegit
817 1109 1013 1191 solempniter
1036 1108 1067 1170 in
1093 1108 1173 1170 bunc
1200 1107 1330 1170 modum.

129 1214 199 1277 Cum
215 1223 350 1277 vacante
366 1215 550 1278 ldouasterio
568 1215 599 1277 in
613 1214 834 1298 Newemburga
850 1214 999 1301 placuerit
1016 1215 1152 1280 omnibus
1169 1223 1200 1279 et
1217 1216 1330 1297 Singu-

128 1320 164 1385 lis
186 1321 225 1384 de
252 1322 414 1387 Conveutu
438 1323 571 1387 eiusdem
593 1323 768 1388 Mooasterii
794 1344 849 1406 per
878 1323 972 1388 vicem
996 1324 1205 1407 compromissi
1232 1324 1330 1387 eidem

129 1430 317 1495 blonasterio
349 1431 530 1514 providere,
567 1432 717 1515 michique
749 1452 784 1497 ac
817 1432 892 1495 meis
924 1431 1017 1496 sociis
1048 1433 1330 1516 compromissariis,

128 1538 273 1602 videlicet
290 1540 420 1603 Domino
437 1539 601 1612 Dieterico,
618 1540 746 1603 Domino
765 1539 883 1611 Vlrico,
907 1561 965 1604 uec
984 1560 1043 1603 non
1058 1542 1210 1622 magistris
1228 1541 1330 1603 Chvn-

127 1646 254 1711 ratioet
279 1647 452 1712 llademaro
474 1652 612 1731 superius
642 1652 790 1712 annuatis
813 1654 992 1732 potestatem
1014 1650 1132 1732 plenam
1155 1669 1190 1713 ac
1205 1648 1332 1712 liberam

129 1754 270 1819 dederint
293 1756 430 1837 eligendi
455 1761 486 1819 et
508 1757 566 1842 ipsi
590 1757 772 1820 llonasterio
795 1757 991 1842 providendi,
1014 1757 1078 1821 Nos
1100 1762 1169 1840 post
1192 1756 1331 1820 diversos

127 1872 277 1929 tractatus
294 1865 503 1950 multiplicium
521 1864 722 1929 Personarum
739 1865 869 1932 dualiter
880 1867 979 1931 divina
993 1867 1112 1930 lavente
1124 1872 1156 1930 et
1167 1867 1332 1952 inspirante

127 1975 231 2056 gracia
247 1976 278 2037 in
293 1975 533 2059 prenominatum
547 1975 697 2039 dominum
709 1975 905 2062 Stephanum
918 1977 959 2040 dc
973 1976 1161 2060 Syemdorf,
1177 1975 1330 2039 Sacerdo-

24 2162 25 2165 ,
130 2082 1330 2167 temsepedictillonastorii,Coucauonicumetcoutratremdireximusconcor·

129 2191 211 2254 diter
223 2196 295 2253 vota
308 2198 422 2254 nostra.
437 2191 523 2254 Vnde
535 2211 593 2272 ego
610 2192 743 2255 lacobus
759 2193 827 2256 vice
845 2212 910 2255 urea
930 2198 960 2259 et
978 2193 1124 2256 dictorum
1138 2191 1330 2272 Collegarum

24 2340 25 2373 1
128 2320 182 2362 seu
196 2299 361 2362 Sociorum
374 2319 518 2372 meorum,
534 2322 568 2362 ac
586 2302 623 2363 de
637 2302 775 2364 mandato
787 2301 930 2384 ipsorum,
944 2299 1019 2363 Vico
1035 2301 1125 2363 etiam
1145 2300 1233 2363 totius
1251 2298 1330 2363 Con·

24 2436 25 2491 j
128 2416 240 2469 ventus
262 2407 432 2492 predictum
454 2408 610 2472 Dominum
631 2407 816 2495 Stephanum
842 2409 880 2471 de
897 2408 1070 2492 Syerudors
1083 2407 1280 2471 Sacerdotem
1298 2408 1329 2470 lu

128 2516 253 2579 nornine
269 2515 365 2598 patris
384 2521 416 2579 et
437 2516 488 2577 lilii
511 2522 541 2580 et
564 2516 685 2599 spiritus
701 2519 798 2581 saneti
820 2515 908 2597 Elige
932 2515 1162 2598 inprepositum
1179 2515 1236 2577 iam
1257 2514 1331 2581 dicti

24 2650 26 2657 ·
128 2622 1227 2711 HonesteriiinNevveuburga,illiqueprorideodeeodem.Dictamvero
1238 2624 1329 2689 Elec-

126 2733 243 2797 tionem
257 2732 304 2797 sie
314 2734 510 2816 solempniter
522 2734 704 2799 celebratam
718 2754 822 2799 omnes
836 2734 984 2815 etsinguli
1001 2733 1242 2817 approbavimus,
1257 2754 1329 2815 gra-

127 2847 254 2924 tamque
266 2841 448 2906 habebamus
464 2864 499 2907 ac
515 2848 681 2927 acceptam,
695 2865 730 2908 ac
743 2843 853 2908 deinde
870 2845 915 2908 Te
927 2843 1021 2908 Deum
1032 2844 1186 2907 laudamus
1203 2844 1329 2908 altisone

129 2949 333 3015 decantantes
357 2952 469 3015 dietum
496 2952 632 3016 Electum
653 2954 690 3018 ad
715 2952 810 3018 altare
834 2952 986 3016 Summum
1003 2951 1180 3024 detulimus,
1198 2952 1330 3017 colluca-

25 3109 26 3120 ,
129 3059 230 3122 vimus
248 3066 280 3122 et
294 3060 539 3123 intronizavimus
562 3063 640 3124 iuxta
663 3080 787 3123 morem.
806 3059 844 3122 ut
860 3061 1018 3124 confestim
1032 3059 1216 3123 Eleclionem
1234 3061 1329 3142 ipsam

25 3213 27 3260 q
129 3166 225 3231 Clero
256 3172 287 3229 et
313 3167 424 3250 populo
452 3188 507 3250 per
534 3167 736 3251 supradictum
764 3167 915 3231 dominum
944 3168 1150 3232 Eberhardum
1178 3169 1330 3232 Decaoum

130 3284 287 3347 nostrum,
314 3275 439 3339 lecimus
462 3274 620 3358 publicari.
654 3275 845 3340 Postmodum
875 3297 947 3340 vero
977 3277 1127 3340 electione
1157 3276 1326 3340 huiusmodi

25 3383 27 3428 ἶ
129 3386 233 3448 electo
249 3384 389 3466 predicto
407 3405 461 3466 per
478 3384 535 3447 iarn
552 3383 664 3448 dictum
686 3384 836 3448 dominum
853 3383 997 3448 iacobum
1015 3385 1053 3448 de
1069 3384 1209 3448 mandato
1226 3391 1330 3449 nostro

26 3563 27 3566 Ἴ
130 3494 210 3556 infra
233 3501 353 3573 tempus
377 3490 510 3554 debiturn
532 3499 703 3575 presentata
728 3499 760 3556 et
780 3495 874 3576 petitu
900 3493 938 3556 ab
961 3512 1015 3563 eo,
1040 3499 1071 3554 vt
1087 3513 1171 3556 suum
1189 3493 1331 3576 preberet

129 3620 292 3663 mensum
314 3600 428 3670 eidem,
450 3601 515 3682 ipse
536 3600 657 3662 tandem
679 3600 780 3664 divine
797 3601 903 3664 nolens
920 3600 1066 3663 resistere
1091 3599 1234 3663 voluntati
1252 3610 1330 3664 tem-

130 3729 206 3792 pore
222 3708 327 3771 debito
345 3709 446 3771 annuit
462 3709 542 3771 votis
558 3709 679 3778 nostris,
697 3710 839 3773 electioni
856 3711 1050 3773 consentiens
1067 3710 1105 3773 de
1122 3730 1155 3771 se
1172 3710 1261 3772 tacte.
1287 3709 1329 3773 Ea

130 3823 260 3902 propter
283 3818 466 3880 Reverentia
489 3822 591 3880 vestre
614 3817 765 3882 humiliter
786 3822 818 3880 et
840 3818 950 3881 devote
973 3825 1042 3881 voto
1066 3819 1196 3881 vuanimi
1212 3818 1330 3902 suppli·

131 3933 248 3998 cantes,
272 3932 420 4011 quatenus
436 3925 621 3988 Electionem
646 3926 770 3989 eandem
787 3928 833 3989 sic
854 3924 1007 3989 Canonice
1023 3923 1205 3990 celebratam
1222 3927 1330 4006 digne·

133 4035 204 4098 mini
222 4032 417 4105 confirmare,
440 4033 479 4097 Vt
499 4034 564 4097 Deo
585 4042 709 4098 auctore
726 4035 830 4107 uobis,
857 4039 888 4097 et
904 4033 1086 4097 ldonasterio
1103 4039 1223 4109 nostro,
1248 4033 1330 4096 velut

133 4145 269 4207 Prelatus
287 4143 428 4206 Ydoneus
445 4162 572 4224 preesse
594 4144 707 4206 utiliter
731 4143 829 4206 valeat
852 4149 884 4206 et
899 4142 1058 4226 prodesse.
1076 4142 1198 4226 Nosque
1219 4162 1254 4203 ac
1278 4141 1330 4204 alii

133 4255 197 4316 eius
215 4251 336 4315 Subditi
352 4251 410 4314 sub
426 4252 521 4335 ipsius
538 4253 692 4333 Regimine
708 4254 860 4335 possimus
877 4272 976 4314 coram
993 4252 1057 4314 lleo
1074 4250 1236 4314 salubriter
1251 4250 1330 4313 mili-

134 4369 209 4425 tare.
231 4361 269 4424 Et
285 4367 315 4424 vt
331 4366 434 4423 restra
452 4360 682 4425 honorificentia
698 4360 869 4423 veneranda
886 4359 1054 4422 evidentius
1079 4364 1244 4439 cognoscat
1261 4366 1328 4422 vota

135 4477 266 4534 nostrum
279 4470 410 4534 omnium
427 4468 457 4530 iu
473 4468 621 4552 predictis
637 4468 774 4531 omuibus
792 4475 823 4530 et
838 4467 967 4551 singulis
984 4467 1203 4539 concordasse,
1221 4485 1257 4528 ac
1274 4486 1328 4529 nos

136 4579 166 4640 is
192 4578 357 4641 intentione
385 4575 555 4639 huiusmodi
583 4578 714 4639 existere
739 4577 891 4639 unanimes
921 4583 951 4639 et
984 4576 1167 4646 concordes,
1201 4593 1328 4657 presens

137 4685 294 4750 dilectionis
312 4695 419 4750 nostre
444 4684 606 4771 Decretum
628 4686 801 4748 reverentie
823 4691 925 4747 vestre
947 4686 1089 4748 mittimus
1111 4682 1212 4765 Sigilli
1233 4683 1328 4747 nostri
