3242 5350
270 490 320 564 dd

339 667 394 722 Der
407 666 594 722 Oborheltoror
606 665 686 729 otto,
704 664 753 719 uui
770 664 822 718 don
841 664 913 719 1277
932 665 1003 719 Pobo
1023 666 1122 737 totgto,
1143 667 1218 720 hatto
1236 666 1289 721 den
1305 667 1378 722 Itoni
1393 667 1468 723 1274

267 757 480 828 obgesehtossem
493 755 616 810 wthrond
630 756 726 827 Propst
737 753 862 809 Nieolous
875 754 923 808 out
933 753 992 809 dem
1005 754 1095 810 Conci!
1110 774 1141 810 zu
1153 757 1227 830 hyon
1239 772 1303 811 nor.

794 867 934 940 XXXVI.

264 991 370 1063 Proprt
391 989 468 1044 Pabo
484 987 617 1057 beotdtipt
630 987 684 1042 den
702 990 788 1042 enter
812 989 918 1041 reinem
941 985 1105 1057 Vorpdupcr
1124 988 1314 1056 yuchehenen
1335 987 1471 1061 Verbauf

402 1078 483 1133 einer
494 1076 594 1132 Muthis
606 1093 643 1130 zu
655 1076 802 1131 Pirawart
814 1094 853 1131 on
873 1076 1036 1132 Wernhard
1047 1094 1103 1131 von
1115 1076 1318 1133 Schweirrbart.

582 1169 641 1222 Dat„
662 1168 892 1238 Klosterneuhurg
910 1169 955 1221 22.
974 1168 1040 1221 Nor.
1061 1169 1141 1224 1282.

354 1261 417 1327 Nos
442 1264 528 1327 Pabo
545 1262 599 1326 dei
610 1262 726 1348 procia
738 1262 939 1348 prepositus,
962 1267 1117 1347 tutumque
1134 1261 1303 1344 Collegium
1319 1261 1461 1325 Ecclesie

263 1371 523 1452 Nermhurgeusis
540 1377 641 1434 uotum
657 1369 782 1432 tacimus
800 1369 949 1433 vniversis
965 1375 1026 1433 tom
1042 1370 1244 1452 presentibus,
1262 1391 1348 1454 quam
1377 1369 1460 1433 tutu·

260 1483 305 1542 ris
319 1480 398 1562 quod
411 1499 477 1541 oum
489 1477 697 1542 Meinharclue
709 1478 813 1541 dictus
824 1479 971 1564 Bueppel
981 1477 1129 1562 quoddam
1136 1479 1353 1543 molendinum
1364 1480 1461 1543 eitron

262 1588 297 1651 in
312 1588 544 1673 Pyrrherrwart
559 1586 593 1649 in
612 1592 710 1673 parte
725 1586 800 1649 ville
817 1586 966 1669 inferiori
986 1586 1174 1669 temporibus
1196 1587 1307 1649 domini
1322 1584 1463 1671 Npcoloi

261 1697 409 1778 prepositi
432 1696 635 1759 antecessoris
659 1695 753 1755 nostri
776 1692 813 1755 ad
835 1693 995 1757 servicium
1017 1695 1172 1775 sexaginta
1196 1694 1387 1757 denariorum
1403 1714 1459 1777 pro

262 1803 487 1889 quatuordecim
511 1803 596 1865 libris
621 1801 812 1864 denariorum
838 1810 1060 1886 comparesset.
1094 1810 1125 1866 et
1147 1803 1228 1867 idem
1253 1801 1458 1865 Molendinum

260 1911 378 1974 cuidam
392 1911 524 1974 discreto
537 1911 600 1972 viro
614 1908 805 1975 Wembordo
818 1910 902 1973 dioto
914 1908 1151 1976 deSweinwart
1162 1911 1359 1975 vendidisset.
1373 1910 1457 1974 Eece

260 2019 340 2082 idem
354 2019 563 2082 Weruhardus
579 2016 616 2080 ud
629 2038 684 2080 nos
701 2017 825 2080 veniens
843 2016 994 2079 humiliter
1007 2019 1113 2101 petivit
1130 2024 1160 2082 et
1176 2019 1295 2083 devote.
1308 2026 1457 2101 quatenus

259 2125 318 2190 sihi
334 2126 459 2190 eundem
477 2126 665 2208 empcionem
679 2125 790 2188 nostris
801 2145 836 2186 sc
850 2125 944 2188 nostri
961 2124 1133 2191 Conventus
1149 2127 1258 2190 litteris
1275 2126 1312 2189 ad
1324 2126 1456 2190 futurum

258 2236 427 2318 perieulum
443 2233 612 2298 evitandum
629 2233 775 2297 vellemus
793 2233 989 2305 confirmare,
1008 2234 1216 2298 nichilominus
1232 2240 1330 2297 tamen
1348 2234 1456 2298 decem

257 2342 350 2405 libras
367 2343 558 2405 denariorum
578 2341 706 2427 proinde
722 2340 895 2405 exhibebat.
919 2339 982 2404 Nos
998 2362 1072 2405 reru
1090 2343 1184 2426 ipsius
1200 2342 1343 2425 precibus
1367 2342 1457 2405 inoli-

257 2452 317 2514 uati
339 2452 486 2536 prefatum
508 2450 707 2514 Motendinum
730 2448 787 2512 sibi
812 2455 843 2512 et
865 2451 965 2513 uxori
985 2471 1043 2513 sue
1062 2451 1188 2515 domine
1209 2450 1395 2537 Marparete
1417 2471 1454 2515 ae

256 2559 389 2642 ipsorum
408 2558 572 2621 heredibus
586 2558 668 2640 justo
684 2560 765 2629 iure,
784 2556 864 2638 quod
879 2557 1067 2620 Purchreeht
1083 2557 1210 2629 dicitur,
1227 2558 1365 2622 dedimus
1387 2560 1454 2621 sire

256 2667 496 2733 confirmavimus
511 2672 658 2752 perpetuo
674 2664 899 2751 possidendum.
917 2666 960 2730 lta
981 2672 1079 2730 tamen
1095 2672 1127 2730 rt
1140 2666 1226 2731 nobis
1243 2688 1367 2732 censum
1380 2688 1452 2751 pre-

254 2775 387 2848 libatum,
404 2775 547 2840 videlieet
559 2775 715 2857 sexaginta
732 2774 885 2845 denarius,
900 2773 1019 2838 infesto
1034 2776 1131 2839 saneti
1144 2775 1322 2840 Michahelis
1338 2776 1457 2840 solvant

255 2886 340 2946 annis
353 2882 479 2964 singulis
493 2881 532 2945 de
544 2883 661 2964 eudem.
679 2882 805 2966 lnsuper
817 2882 896 2945 idem
910 2881 1121 2948 Wernhardus
1139 2890 1170 2948 et
1182 2906 1257 2948 uxor
1269 2905 1322 2948 sua
1335 2882 1454 2946 domina

255 2991 426 3074 Margareta
442 2990 498 3054 sub
516 2989 640 3054 obtentu
657 2990 822 3054 Molendini
838 2991 980 3075 prelibati
996 2991 1121 3055 tirmiter
1137 2993 1350 3076 promiserunt,
1372 2991 1452 3077 quod

253 3099 279 3161 si
297 3119 360 3169 eos,
378 3097 426 3161 vel
444 3100 578 3179 ipsorum
595 3097 724 3160 heredes
743 3098 874 3160 vendere
890 3100 1081 3180 contingeret
1101 3095 1301 3163 Molendinum
1317 3097 1452 3183 preliba-

252 3211 325 3278 tum,
338 3208 420 3271 nulli
434 3209 557 3272 advene
580 3215 636 3270 aut
659 3216 816 3270 estraneo
835 3207 916 3271 dare
938 3207 1089 3279 debeant,
1112 3209 1171 3272 secl
1190 3215 1312 3272 tamum
1334 3207 1454 3271 nostris

254 3313 380 3381 Colonio
402 3317 437 3378 in
452 3313 682 3399 Pprebenwart
706 3316 894 3380 constitutis.
919 3315 950 3378 ln
971 3315 1058 3379 huius
1074 3315 1118 3378 rei
1142 3316 1345 3379 testimonium
1370 3315 1451 3379 dioto

252 3422 444 3487 Wernhardo
468 3443 503 3485 oe
520 3422 582 3486 suis
600 3421 766 3486 heredibus
789 3422 867 3486 hune
883 3425 1020 3506 paginam
1041 3423 1178 3486 dedimus
1194 3424 1286 3506 sigilli
1302 3424 1398 3488 nostri
1415 3441 1452 3485 ae
1495 3471 1499 3476 .

251 3530 345 3592 nostri
362 3529 535 3595 Conventus
552 3530 714 3593 munimine
730 3529 909 3595 roboratam.
928 3531 1040 3596 Testes
1057 3539 1126 3595 sunt
1142 3532 1262 3595 Domini
1277 3532 1452 3619 Hiltpran·

250 3639 310 3703 dics
324 3640 483 3713 Desarene,
500 3639 571 3703 Otto
588 3640 627 3702 de
642 3638 818 3725 Ameperp,
831 3637 1031 3711 Mirabarclun
1047 3641 1118 3704 orto
1132 3641 1343 3712 Camerarius,
1359 3640 1451 3705 Hen-

249 3748 335 3811 rirue
354 3747 551 3833 pedumque,
567 3747 746 3812 Hertwious
762 3753 874 3823 asotos,
897 3748 1017 3812 Paulus
1041 3748 1276 3835 Hospitalenoio
1294 3755 1325 3812 et
1348 3746 1451 3811 ceteri

250 3857 404 3922 Canoniri
417 3857 694 3944 Nemini-penses,
707 3858 814 3939 frater
829 3858 987 3922 Henrieuo
1002 3859 1043 3923 de
1057 3855 1296 3944 Spanuehercb,
1312 3857 1352 3920 D.
1372 3856 1447 3920 Fri-

245 3966 373 4031 derieuo
388 3966 550 4036 Heraean,
566 3966 607 4029 D.
629 3965 840 4031 Wernlwrclus
855 3968 896 4031 de
910 3967 1109 4041 Sedunum,
1126 3967 1167 4030 D.
1184 3967 1299 4030 Albero
1316 3965 1358 4029 de
1372 3965 1449 4028 Pel·

246 4073 524 4157 lendorfMiliteo,
549 4073 646 4138 Cholo
670 4076 836 4161 officialis,
863 4074 1052 4140 Chunradue
1077 4073 1238 4150 Choheeb,
1261 4074 1447 4139 chunradus

242 4183 329 4265 filius
340 4203 425 4254 euno,
441 4184 586 4268 Reperire
601 4183 756 4254 notorius,
770 4184 872 4269 Hupo,
895 4183 1107 4248 Wernbarduo
1126 4186 1249 4267 fratres
1265 4183 1306 4246 de
1317 4183 1446 4268 pellen-

243 4290 327 4373 dorf,
347 4291 527 4354 Gomloldus
543 4291 692 4377 officialis
708 4291 748 4354 de
763 4291 1004 4376 Pyrobemeart‚
1025 4292 1144 4356 Vlricuo
1164 4291 1304 4363 iillieuo,
1326 4290 1447 4356 Vlrieue

244 4397 385 4462 sororiae
395 4420 480 4471 suus,
496 4399 856 4469 Gundoldrro‚Henricuo
867 4399 1119 4486 Hohenmorpen‚
1133 4404 1164 4463 et
1177 4398 1227 4462 alii
1240 4396 1445 4483 quamplures

243 4504 304 4569 fide
321 4505 415 4587 digni.
433 4507 539 4570 Datum
552 4512 582 4569 et
599 4511 697 4568 aetum
712 4505 956 4573 inNeomburcb
973 4527 1049 4570 auno
1066 4506 1178 4570 domini
1194 4503 1442 4571 M⁰CC⁰LXXX⁰.

243 4612 387 4678 seeundo.
404 4613 438 4677 ln
453 4613 503 4678 die
519 4614 632 4678 Soneto
644 4611 759 4677 cecilie
775 4614 914 4695 virginis.

894 4719 952 4773 orig.
968 4723 1030 4772 Pers.
1049 4722 1134 4772 repen.
1145 4723 1188 4763 Ver.
1203 4724 1241 4763 re.
1253 4724 1271 4768 t.
1286 4723 1324 4762 ror.
1335 4723 1384 4764 325.
