3242 5350
274 501 352 571 204

264 670 1299 759 slmicoiMonuutcriorumPreporitisnecnchapistroJobunne
1308 670 1468 735 Cuncaico

268 782 456 847 Pataricosi
475 779 627 844 iudicibus
650 799 704 843 seu
727 776 955 862 inquisitoribus
971 780 1001 839 iu
1017 777 1203 841 Monosterio
1226 777 1469 860 Newnburgensi

140 929 146 937 ·
269 889 482 953 allsverendo
500 896 587 971 patre
604 893 635 952 et
658 887 787 958 domino,
813 886 932 950 domino
957 886 1083 951 ailberto
1108 888 1294 951 Putavicosi
1310 888 1468 971 Episcopo

270 997 420 1080 deputatis
444 996 571 1077 quedam
594 995 718 1058 materia
744 994 859 1056 diutine
885 992 1067 1056 discursionis
1084 997 1114 1055 ct
1131 992 1268 1056 ranloris
1285 997 1469 1062 verteretur,

269 1106 387 1169 ludices
403 1124 457 1166 sen
474 1104 667 1188 inquisitores
679 1102 810 1186 predicti
821 1109 925 1164 contra
938 1099 1105 1184 predictum
1119 1101 1267 1166 dominum
1281 1102 1468 1184 prepositum

269 1211 483 1296 procedentes.
501 1209 625 1273 eosdem
642 1208 833 1273 adversarios
850 1229 922 1272 suos
939 1214 1042 1272 contra
1055 1228 1122 1271 eum
1134 1209 1165 1271 in
1178 1212 1274 1272 testes
1285 1212 1471 1291 receperunt

270 1319 338 1402 ipso
355 1318 449 1382 invito
467 1323 498 1381 et
514 1317 706 1381 reclamante.
733 1316 771 1378 Et
785 1316 859 1379 licet
881 1316 959 1379 idem
976 1320 1096 1399 peteret
1113 1336 1180 1380 cum
1204 1316 1350 1379 instancia
1367 1313 1470 1379 debita

269 1426 348 1490 tales
364 1433 504 1510 tanquam
520 1426 659 1488 inimicos
676 1422 737 1488 non'
751 1425 883 1496 admitti,
908 1431 939 1487 et
960 1425 1077 1486 uomina
1104 1426 1241 1497 testium,
1262 1445 1297 1487 ac
1322 1422 1469 1494 umento,

271 1558 364 1620 super
380 1537 488 1619 quibus
505 1537 619 1599 vellent
634 1536 798 1620 inquirere,
816 1534 875 1597 sibi
891 1536 921 1598 iu
939 1536 1060 1618 scriptis
1085 1535 1179 1607 tradi,
1208 1556 1244 1599 ac
1268 1535 1472 1617 excepciones

271 1666 341 1707 suas
357 1646 530 1728 propositas
547 1649 651 1707 contra
665 1663 810 1727 personas
825 1650 856 1706 et
868 1643 948 1707 dicta
960 1644 1092 1716 testium,
1110 1643 1218 1715 etalio,
1234 1664 1294 1727 que
1308 1643 1339 1705 in
1355 1644 1471 1705 instru-

270 1754 379 1816 mentis
396 1753 611 1836 appellaeionis
628 1773 683 1816 sue
700 1752 900 1822 continentur.
918 1751 1052 1814 admitti:
1074 1752 1164 1815 iidem
1182 1760 1251 1815 ante
1267 1752 1339 1815 dicti
1352 1752 1471 1814 iudices

271 1882 325 1924 seu
350 1861 547 1944 inquisitores
571 1860 726 1944 predictas
743 1860 912 1944 peticiones
937 1866 967 1923 et
984 1861 1182 1944 excepciones
1200 1881 1256 1924 oon
1274 1860 1470 1929 admiserunt.

270 1969 431 2053 exquibus
448 1968 647 2052 peticionibus
664 1988 765 2032 eoram
782 1970 898 2053 eisdem
923 1969 1152 2054 inquisitoribus
1173 1970 1261 2033 lectis
1284 1972 1315 2033 et
1337 1989 1395 2031 non
1412 1966 1470 2031 ad-

272 2078 373 2142 missis
400 2077 556 2160 predictus
583 2080 757 2160 prepositus
786 2077 822 2139 ad
850 2078 954 2141 sedem
979 2078 1175 2160 apostolicam
1204 2077 1377 2161 appellavit,
1404 2077 1471 2158 Qua

272 2184 477 2268 appellacione
495 2189 598 2268 spreta
615 2189 646 2247 et
662 2191 832 2269 contempta
849 2186 923 2249 dicti
940 2187 1135 2270 inquisitores
1151 2206 1206 2248 seu
1229 2184 1345 2249 iudices
1363 2190 1471 2249 eontra

272 2295 384 2356 dictum
400 2292 548 2356 dominum
566 2294 753 2376 prepositum
768 2301 985 2377 processerunt
1001 2300 1031 2358 et
1047 2301 1151 2358 eontra
1168 2296 1266 2378 ipsum
1282 2300 1352 2378 post
1364 2294 1472 2377 appel-

272 2400 418 2464 lacionem
435 2400 603 2483 predictam
619 2420 675 2484 per
692 2420 758 2465 eum
776 2401 911 2483 legitime
928 2402 1134 2485 interpositam
1152 2402 1338 2466 sentenciam
1357 2400 1471 2464 diffini·

272 2510 360 2571 liram
377 2508 613 2592 promulgarunt,
630 2529 789 2592 perquam
806 2510 903 2592 ipsum
920 2510 958 2573 ab
980 2511 1250 2574 amministracione
1267 2510 1472 2593 prepositure.

273 2623 415 2698 quantum
443 2618 473 2680 in
502 2617 547 2679 eis
575 2616 647 2688 tuit,
675 2623 862 2682 amoverunt.
887 2619 911 2679 Α
937 2637 993 2701 qua
1016 2617 1172 2681 sentencia
1197 2624 1343 2701 tamquam
1368 2616 1472 2701 iniqua

273 2724 441 2807 Sepedicto
464 2725 582 2788 domino
604 2725 758 2807 preposito
786 2724 824 2787 ad
847 2725 959 2788 Sedem
982 2726 1178 2809 apostolicam
1200 2725 1299 2789 denuo
1315 2730 1346 2788 et
1361 2726 1472 2788 iterum

274 2829 456 2916 appellante,
475 2832 690 2895 Sanctissimae
708 2832 739 2894 iu
755 2832 829 2895 llsto
846 2839 934 2916 pater
955 2838 985 2897 et
1007 2833 1144 2896 dominus
1161 2832 1299 2897 dominns
1315 2833 1472 2897 lohannes

274 2940 354 3023 Papa
366 2941 528 3003 vicesimus
541 2939 701 3004 Secundus
716 2961 822 3004 causas
836 2941 1074 3024 appellaciouum
1087 2941 1257 3005 huiusmodi
1270 2941 1368 3011 nobis.
1385 2941 1474 3006 vide·

274 3049 345 3112 licet
360 3050 474 3115 Mauro
495 3050 559 3113 Dei
576 3051 692 3135 procia
707 3050 823 3115 Abbati
844 3050 962 3115 Sancte
976 3051 1082 3114 Μανία
1104 3050 1270 3114 Scatonem
1286 3050 1320 3113 in
1339 3050 1473 3113 Wienaa

273 3158 420 3222 baderico
432 3158 562 3222 Decono
577 3158 760 3223 Cbrcmenoi
768 3179 803 3221 ae
818 3157 991 3221 Venerabili
1003 3159 1092 3242 patri,
1105 3159 1224 3222 domino
1241 3158 1345 3223 Vtrico
1357 3157 1475 3222 Abbati

273 3249 462 3330 Monosterii
475 3266 697 3350 Mcdlyccnaia‚
715 3267 764 3349 qui
787 3267 871 3330 vices
892 3287 962 3331 suas
980 3265 1152 3328 Honorabili
1168 3267 1230 3328 viro
1247 3266 1372 3329 Domino
1391 3267 1473 3330 Got-

269 3374 358 3456 frido
382 3374 491 3437 Priori
510 3373 545 3438 io
566 3370 771 3461 decrpucd
794 3375 825 3436 in
846 3380 941 3438 totum
963 3374 1174 3458 subdelegarit
1195 3395 1250 3458 per
1266 3374 1382 3436 litteras
1399 3394 1472 3437 suas

275 3503 335 3545 non
352 3502 447 3555 rasas,
464 3502 522 3545 non
540 3480 677 3555 abolitas,
694 3503 752 3545 non
769 3483 962 3554 cancellatas,
980 3503 1038 3546 non
1054 3483 1083 3545 in
1101 3481 1198 3567 aliqua
1216 3483 1262 3545 sui
1278 3487 1362 3566 parte
1378 3485 1476 3546 ricia-

275 3596 332 3667 tas,
361 3590 510 3654 commisit
537 3590 701 3653 audiendas
729 3612 764 3654 ac
781 3590 840 3653 fine
869 3591 971 3654 debito
994 3591 1208 3661 terminandas.
1237 3590 1321 3653 cuius
1349 3590 1472 3674 quidem

274 3699 492 3763 commissionis
509 3702 595 3761 tenor
610 3698 679 3763 talis
698 3704 760 3761 est:
782 3699 946 3764 Jobunoco
967 3698 1145 3784 Episcopum
1160 3698 1279 3762 Seruus
1301 3698 1475 3762 Scrocracn

272 3809 337 3872 Dei
351 3806 478 3870 Dilectis
495 3806 564 3870 filiis
584 3806 618 3871 V.
635 3807 830 3871 bledlicensis
848 3812 878 3870 et
895 3810 935 3872 ll.
953 3809 1113 3872 Scotorum
1128 3809 1157 3869 in
1176 3807 1305 3871 Wienna
1319 3811 1470 3870 monaste

273 3916 385 3979 riorum
402 3913 579 3989 Abbatibua
597 3916 720 3978 Decano
737 3917 880 3980 Ecclesie
897 3916 1089 3980 Cbremensis
1106 3920 1204 4000 patav.
1222 3916 1318 3999 Dyoc.
1334 3914 1472 3977 Salutem

273 4027 303 4086 et
315 4023 510 4107 apostolicam
525 4023 778 4087 benedictionem.
795 4023 857 4089 Sua
871 4022 959 4087 uobis
972 4024 1102 4088 dilectus
1115 4022 1191 4086 filius
1201 4023 1383 4109 Stephanus
1391 4044 1474 4109 pre-

270 4133 394 4219 positos
409 4131 585 4197 Monasterii
603 4132 854 4215 newnburgensis
870 4134 1023 4217 peticione
1039 4133 1199 4205 nunciavit,
1217 4133 1294 4216 quod
1312 4131 1474 4194 venerabi-

273 4241 309 4303 lis
327 4242 421 4303 trater
436 4246 540 4305 noster
556 4277 600 4289 -
616 4242 786 4328 Episcopus
802 4243 985 4326 pataviensis
1002 4261 1153 4313 asserens,
1172 4241 1252 4325 quod
1269 4241 1378 4304 dudum
1393 4243 1475 4303 inter

273 4349 373 4431 ipsum
389 4352 577 4432 prepositum
594 4355 625 4414 et
640 4350 784 4433 quosdam
802 4349 970 4414 Canonicos
988 4350 1084 4432 ipsius
1100 4347 1293 4419 blonasterii.
1316 4367 1391 4431 quos
1415 4349 1474 4410 mi·

273 4458 351 4520 nime
368 4457 564 4541 exprimebat,
590 4463 654 4522 orta
677 4459 776 4526 fuerat
792 4460 917 4522 materia
939 4458 1160 4522 coniuracionis
1183 4461 1214 4520 et
1238 4455 1317 4542 quod
1334 4459 1401 4540 ipse
1417 4476 1474 4540 pro

273 4565 351 4629 bono
367 4569 452 4649 pacis
469 4572 500 4630 et
517 4566 672 4631 commodo
689 4586 775 4652 quam
793 4567 905 4651 plurios
921 4570 1120 4651 temptaverat
1142 4566 1262 4637 facere,
1284 4571 1317 4628 vt
1341 4563 1473 4636 dicebat,

272 4675 515 4740 coniuracionem
531 4676 627 4762 ipsam
645 4679 823 4761 nequiverat
847 4678 1018 4741 terminare.
1045 4675 1108 4741 Sed
1133 4676 1202 4760 quia
1228 4675 1473 4739 coniuracionem
